@article{aurbach2017,
author = {Schipper, Florian and Erickson, Evan M. and Erk, Christoph and Shin, Ji-Yong and Chesneau, Frederick Francois and Aurbach, Doron}, 
title = {Review—Recent Advances and Remaining Challenges for Lithium Ion Battery Cathodes: I. Nickel-Rich, LiNixCoyMnzO2},
volume = {164}, 
number = {1}, 
pages = {A6220-A6228}, 
year = {2017}, 
doi = {10.1149/2.0351701jes}, 
journal = {Journal of The Electrochemical Society} 
}

@article{trease2016,
author = {Trease, Nicole M. and Seymour, Ieuan D. and Radin, Maxwell D. and Liu, Haodong and Liu, Hao and Hy, Sunny and Chernova, Natalya and Parikh, Pritesh and Devaraj, Arun and Wiaderek, Kamila M. and Chupas, Peter J. and Chapman, Karena W. and Whittingham, M. Stanley and Meng, Ying Shirley and Van der Van, Anton and Grey, Clare P.},
title = {Identifying the Distribution of Al3+ in LiNi0.8Co0.15Al0.05O2},
journal = {Chemistry of Materials},
volume = {28},
number = {22},
pages = {8170-8180},
year = {2016},
doi = {10.1021/acs.chemmater.6b02797},
}



@article{kuppan2017,
author={Kuppan, Saravanan and Xu, Yahong and Liu, Yijin and Chen,
                  Guoying},
title={Phase transformation mechanism in lithium manganese nickel oxide revealed by single-crystal hard X-ray microscopy},
journal={Nature Communications},
year={2017},
month={Feb},
day={01},
volume={8},
pages={14309},
doi={10.1038/ncomms14309},
}

@article{ohzuku1997,
author = {Ohzuku, Tsutomu and Tomura, Hirohiko and Sawai, Keijiro}, 
title = {Monitoring of Particle Fracture by Acoustic Emission during Charge and Discharge of  Li / MnO2 Cells},
volume = {144}, 
number = {10}, 
pages = {3496-3500}, 
year = {1997}, 
doi = {10.1149/1.1838039}, 
journal = {Journal of The Electrochemical Society} 
}

@article{tranchot2015,
title = "In-situ acoustic emission study of Si-based electrodes for Li-ion batteries ",
journal = "Journal of Power Sources ",
volume = "279",
number = "",
pages = "259 - 266",
year = "2015",
doi = "10.1016/j.jpowsour.2014.12.126",
author = "A. Tranchot and A. Etiemble and P.-X. Thivel and H. Idrissi and L. Roué",
}


@article{kondrakov2017,
author = {Kondrakov, Aleksandr Olegovič and Schmidt, Alexander and Xu, Jin and Geßwein, Holger and Mönig, Reiner and Hartmann, Pascal and Sommer, Heino and Brezesinski, Torsten and Janek, Jürgen},
title = {On the Anisotropic Lattice Strain and Mechanical Degradation of High- and Low-Nickel NCM Cathode Materials for Li-Ion Batteries},
journal = {The Journal of Physical Chemistry C},
volume = {0},
number = {ja},
pages = {null},
year = {0},
doi = {10.1021/acs.jpcc.6b12885},
}


@article{yan2017,
author = "Yan, Pengfei and Zheng, Jianming and Gu, Meng and Xiao, Jie and Zhang, Ji-Guang and Wang, Chong-Min",
title = "Intragranular cracking as a critical barrier for high-voltage usage of layer-structured cathode for lithium-ion batteries",
journal = "Nature Communications",
volume = 8,
doi = "10.1038/ncomms14101",
}

@article{xu2016-2,
author ="Xu, Jing and Lin, Feng and Doeff, Marca M. and Tong, Wei",
title  ="A review of Ni-based layered oxides for rechargeable Li-ion batteries",
journal  ="J. Mater. Chem. A",
year  ="2017",
volume  ="5",
issue  ="3",
pages  ="874-901",
doi  ="10.1039/C6TA07991A",
}

@article{qiao2015,
author = {Qiao, Ruimin and Wray, L. Andrew and Kim, Jung-Hyun and Pieczonka, Nicholas P. W. and Harris, Stephen J. and Yang, Wanli},
title = {Direct Experimental Probe of the Ni(II)/Ni(III)/Ni(IV) Redox Evolution in LiNi0.5Mn1.5O4 Electrodes},
journal = {The Journal of Physical Chemistry C},
volume = {119},
number = {49},
pages = {27228-27233},
year = {2015},
doi = {10.1021/acs.jpcc.5b07479},
}


@article {arcaute2014,
author = {Arcaute, Elsa and Hatna, Erez and Ferguson, Peter and Youn,
                  Hyejin and Johansson, Anders and Batty, Michael},
title = {Constructing cities, deconstructing scaling laws},
volume = {12},
number = {102},
year = {2014},
doi = {10.1098/rsif.2014.0745},
journal = {Journal of The Royal Society Interface}
}


@Article{chamard2016,
author={Hruszkewycz, S. O.  and Allain, M.  and Holt, M. V.  and
                  Murray, C. E.  and Holt, J. R.  and Fuoss, P. H.
                  and Chamard, V.},
title={High-resolution three-dimensional structural microscopy by
                  single-angle Bragg ptychography},
journal={Nat Mater},
year={2016},
month={Nov},
day={21},
volume={advance online publication},
doi={10.1038/nmat4798}
}


@article{meng2017,
author = {Qiu, Bao and Zhang, Minghao and Xia, Yonggao and Liu, Zhaoping and Meng, Ying Shirley},
title = {Understanding and Controlling Anionic Electrochemical Activity in High-Capacity Oxides for Next Generation Li-Ion Batteries},
journal = {Chemistry of Materials},
volume = {0},
number = {ja},
pages = {null},
year = {0},
doi = {10.1021/acs.chemmater.6b04815},
}


@Article{Pelt2016,
author="Pelt, Dani{\"e}l M. and De Andrade, Vincent",
title="Improved tomographic reconstruction of large-scale real-world
                  data by filter optimization",
journal="Advanced Structural and Chemical Imaging",
year="2016",
volume="2",
number="1",
pages="17",
doi="10.1186/s40679-016-0033-y",
}

@article{liu2016-3,
author={Liu, Yijin and Meirer, Florian and Krest, Courtney M.  and
                  Webb, Samuel and Weckhuysen, Bert M.},
title={Relating structure and composition with accessibility of a
                  single catalyst particle using correlative
                  3-dimensional micro-spectroscopy},
journal={Nature Communications},
year={2016},
month={Aug},
day={30},
volume={7},
pages={12634},
doi="10.1038/ncomms12634",
}

@article{lu2016,
author={Lu, Jun and Chen, Zonghai and Ma, Zifeng and Pan, Feng and
                  Curtiss, Larry A.  and Amine, Khalil},
title={The role of nanotechnology in the development of battery
                  materials for electric vehicles},
journal={Nat Nano},
year={2016},
month={Dec},
volume={11},
number={12},
pages={1031-1038},
doi={10.1038/nnano.2016.207}
}

@article{yano2017,
  author = {Yano, Akira and Shikano, Masahiro and Ueda, Atsushi and
                  Sakaebe, Hikari and Ogumi, Zempachi},
  title = {\ce{LiCoO2} Degradation Behavior in the High-Voltage Phase
                  Transition Region and Improved Reversibility with
                  Surface Coating},
  volume = {164},
  number = {1},
  pages = {A6116-A6122},
  year = {2017},
  doi = {10.1149/2.0181701jes},
  journal = {Journal of The Electrochemical Society},
}

@article {kraytsberg2016,
author = {Kraytsberg, Alexander and Ein-Eli, Yair},
title = {Conveying Advanced Li-ion Battery Materials into Practice The
                  Impact of Electrode Slurry Preparation Skills},
journal = {Advanced Energy Materials},
volume = {6},
number = {21},
doi = {10.1002/aenm.201600655},
pages = {1600655--n/a},
year = {2016},
}

@book{bobhe,
  author = "",
  title = "Two-Dimensional X-Ray Diffraction",
  publisher = "John Wiley \& Sons, Inc.",
  year = 2009,
  isbn = "978-0-470-22722-0",
  pages = "219,249",
}

@article{wen2014,
    author = {Harmon, Katherine J. AND Bennett, Eric E. AND Gomella,
                  Andrew A. AND Wen, Han},
    journal = {PLOS ONE},
    title = {Efficient Decoding of 2D Structured Illumination with
                  Linear Phase Stepping in X-Ray Phase Contrast and
                  Dark-Field Imaging},
    year = {2014},
    month = {01},
    volume = {9},
    pages = {1-6},
    doi = {10.1371/journal.pone.0087127}
}

@article{shpyrko2014,
   author = "Kim, J. W. and Manna, S. and Dietze, S. H. and Ulvestad,
                  A. and Harder, R. and Fohtung, E. and Fullerton,
                  E. E. and Shpyrko, O. G.",
   title = "Curvature-induced and thermal strain in polyhedral gold
                  nanocrystals",
   journal = "Applied Physics Letters",
   year = "2014",
   volume = "105",
   number = "17",
   eid = 173108,
   doi = "10.1063/1.4900866"
}

@article{yan2014,
  author={Hanfei Yan and Ray Conley and Nathalie Bouet and Yong S Chu},
  title={Hard x-ray nanofocusing by multilayer Laue lenses},
  journal={Journal of Physics D: Applied Physics},
  volume={47},
  number={26},
  pages={263001},
  year={2014},
  doi={10.1088/0022-3727/47/26/263001}
}

@misc{lblzoneplate,
  title = {Fresnel Zone Plate Theory},
  howpublished = {\url{http://zoneplate.lbl.gov/theory}},
  note = {Accessed: 2016-11-04}
}

@article{kirkpatrick1948,
author = {Paul Kirkpatrick and A. V. Baez},
journal = {J. Opt. Soc. Am.},
number = {9},
pages = {766--774},
publisher = {OSA},
title = {Formation of Optical Images by X-Rays},
volume = {38},
month = {Sep},
year = {1948},
doi = {10.1364/JOSA.38.000766},
}

@Article{lengeler1996,
author={Snigirev, A. and Kohn, V.  and Snigireva, I.  and Lengeler, B.},
title={A compound refractive lens for focusing high-energy X-rays},
journal={Nature},
year={1996},
month={Nov},
day={07},
volume={384},
number={6604},
pages={49-51},
doi={10.1038/384049a0},
}

@article{sesame2004,
author = "",
title = "{SESAME holds its second user's meeting}",
journal = "Journal of Synchrotron Radiation",
year = "2004",
volume = "11",
number = "2",
pages = "214--215",
month = "Mar",
doi = {10.1107/S0909049504002845},
}

@book{synchrotronradiation,
  author = "Settimio Mobilio and Federico Boscherini and Carlo Meneghini",
  title = "Synchrotron Radiation",
  subtitle = "Basics, Methods and Applications",
  year = 2015,
  publisher = "Springer-Verlag Berlin Heidelberg",
  doi = "10.1007/978-3-642-55315-8",
  isbn = "978-3-642-55314-1",
}

@book{guinebretiere,
  author = "Ren\'e Guinebreti\`ere",
  title = "X-ray Diffraction by Polycrystalline Materials",
  publisher = "ISTE Ltd",
  year = 2007,
  isbn = "978-1-905209-21-7",
  pages = "39-48",
}

@article{balogun2016,
author="Balogun, Muhammad-Sadeeq
and Qiu, Weitao
and Luo, Yang
and Meng, Hui
and Mai, Wenjie
and Onasanya, Amos
and Olaniyi, Titus K.
and Tong, Yexiang",
title="A review of the development of full cell lithium-ion batteries: The impact of nanostructured anode materials",
journal="Nano Research",
year="2016",
volume="9",
number="10",
pages="2823--2851",
doi="10.1007/s12274-016-1171-1",
}


@article {cabana2010-2,
author = {Cabana, Jordi and Monconduit, Laure and Larcher, Dominique
                  and Palac\'in, M. Rosa},
title = {Beyond Intercalation-Based Li-Ion Batteries: The State of the
                  Art and Challenges of Electrode Materials Reacting
                  Through Conversion Reactions},
journal = {Advanced Materials},
volume = {22},
number = {35},
doi = {10.1002/adma.201000717},
pages = {E170--E192},
year = {2010},
}

@article{singer2014,
author = {Singer, Andrej and Ulvestad, Andrew and Cho, Hyung-Man and
                  Kim, Jong Woo and Maser, Jörg and Harder, Ross and
                  Meng, Ying Shirley and Shpyrko, Oleg G.},
title = {Nonequilibrium Structural Dynamics of Nanoparticles in \ce{LiNi_{1/2}Mn_{3/2}O4} Cathode under Operando Conditions},
journal = {Nano Letters},
volume = {14},
number = {9},
pages = {5295-5300},
year = {2014},
doi = {10.1021/nl502332b},
}

@article{boesenberg2015,
author = {Boesenberg, Ulrike and Falk, Mareike and Ryan, Christopher
                  G. and Kirkham, Robin and Menzel, Magnus and Janek,
                  Jürgen and Fröba, Michael and Falkenberg, Gerald and
                  Fittschen, Ursula E. A.},
title = "Correlation between Chemical and Morphological Heterogeneities in \ce{LiNi_{0.5}Mn_{1.5}O4} Spinel Composite Electrodes for Lithium-Ion Batteries Determined by Micro-X-ray Fluorescence Analysis",
journal = {Chemistry of Materials},
volume = {27},
number = {7},
pages = {2525-2531},
year = {2015},
doi = {10.1021/acs.chemmater.5b00119},
}

@article{takahashi2011,
   author = "Takahashi, Yukio and Suzuki, Akihiro and Zettsu, Nobuyuki and Kohmura, Yoshiki and Yamauchi, Kazuto and Ishikawa, Tetsuya",
   title = "Multiscale Element Mapping of Buried Structures by Ptychographic X-ray Diffraction Microscopy Using Anomalous Scattering",
   journal = "Applied Physics Letters",
   year = "2011",
   volume = "99",
   number = "13",
   pages = "",
   doi = "10.1063/1.3644396",
}

@article{srinivasan2014,
author = {Wu, Shao-Ling and Javier, Anna E. and Devaux, Didier and
                  Balsara, Nitash P. and Srinivasan, Venkat},
title = {Discharge Characteristics of Lithium Battery Electrodes with
                  a Semiconducting Polymer Studied by Continuum
                  Modeling and Experiment},
volume = {161},
number = {12},
pages = {A1836-A1843},
year = {2014},
doi = {10.1149/2.0261412jes},
journal = {Journal of The Electrochemical Society}
}

@article{newman1995,
author = {Newman, John},
title = {Optimization of Porosity and Thickness of a Battery Electrode
                  by Means of a Reaction-Zone Model},
volume = {142},
number = {1},
pages = {97-101},
year = {1995},
doi = {10.1149/1.2043956},
journal = {Journal of The Electrochemical Society}
}

@article{cho2014,
title = "Improved High-Temperature Performance of Lithium-Ion
                  Batteries Through Use of a Thermally Stable
                  Co-polyimide-based Cathode Binder ",
journal = "Journal of Power Sources",
volume = "252",
number = "",
pages = "138 - 143",
year = "2014",
doi = "10.1016/j.jpowsour.2013.12.015",
author = "Jaecheol Choi and Myung-Hyun Ryou and Bongki Son and
                  Jongchan Song and Jung-Ki Park and Kuk Young Cho and
                  Yong Min Lee",
}

@Article{wood2016,
author={Pietsch, Patrick and Westhoff, Daniel and Feinauer, Julian and
                  Eller, Jens and Marone, Federica and Stampanoni,
                  Marco and Schmidt, Volker and Wood, Vanessa},
title={Quantifying microstructural dynamics and electrochemical
                  activity of graphite and silicon-graphite lithium
                  ion battery anodes},
journal={Nature Communications},
year={2016},
month={Sep},
day={27},
volume={7},
doi={10.1038/ncomms12909}
}

@Article{kim2016,
author ="Wi, Sungun and Kim, Jaewon and Park, Kimin and Lee, Sangheon
                  and Kang, Joonhyeon and Kim, Kyung Hwan and Nam,
                  Seunghoon and Kim, Chunjoong and Park, Byungwoo",
title  ="Evaluation of graphene-wrapped LiFePO4 as novel cathode
                  materials for Li-ion batteries",
journal  ="RSC Adv.",
year  ="2016",
volume  ="6",
issue  ="107",
pages  ="105081-105086",
doi  ="10.1039/C6RA24514E",
}

@Article{robinson2009,
author={Robinson, Ian
and Harder, Ross},
title={Coherent X-ray diffraction imaging of strain at the nanoscale},
journal={Nat Mater},
year={2009},
month={Apr},
volume={8},
number={4},
pages={291-298},
doi={10.1038/nmat2400},
}

@article {michel2005,
author = {K\"ampfe, Bernd and Luczak, Falk and Michel, Bernd},
title = {Energy Dispersive X-Ray Diffraction},
journal = "Particle \& Particle Systems Characterization",
volume = {22},
number = {6},
doi = {10.1002/ppsc.200501007},
pages = {391--396},
year = {2005},
}

@article{shieh2006,
   author = "Yin, Gung-Chian and Tang, Mau-Tsu and Song, Yen-Fang and
                  Chen, Fu-Rong and Liang, Keng S. and Duewer,
                  Frederick W. and Yun, Wenbing and Ko, Chen-Hao and
                  Shieh, Han-Ping D.",
   title = "Energy-tunable Transmission X-ray Microscope for
                  Differential Contrast Imaging with Near \SI{60}{nm}
                  Resolution Tomography",
   journal = "Applied Physics Letters",
   year = "2006",
   volume = "88",
   number = "24",
   doi = "10.1063/1.2211300"
}

@article {chueh2015,
author = {Li, Yiyang and Weker, Johanna Nelson and Gent, William
                  E. and Mueller, David N. and Lim, Jongwoo and
                  Cogswell, Daniel A. and Tyliszczak, Tolek and Chueh,
                  William C.},
title = {Dichotomy in the Lithiation Pathway of Ellipsoidal and
                  Platelet \ce{LiFePO4} Particles Revealed through
                  Nanoscale Operando State-of-Charge Imaging},
journal = {Advanced Functional Materials},
volume = {25},
number = {24},
doi = {10.1002/adfm.201500286},
pages = {3677--3687},
year = {2015},
}

@article{shearing2014-2,
title = "The application of phase contrast X-ray techniques for imaging Li-ion battery electrodes ",
journal = "Nuclear Instruments and Methods in Physics Research Section B: Beam Interactions with Materials and Atoms ",
volume = "324",
number = "",
pages = "118 - 123",
year = "2014",
doi = "10.1016/j.nimb.2013.08.066",
author = "D.S. Eastwood and R.S. Bradley and F. Tariq and S.J. Cooper and O.O. Taiwo and J. Gelb and A. Merkle and D.J.L. Brett and N.P. Brandon and P.J. Withers and P.D. Lee and P.R. Shearing",
}

@article{shearing2014,
  title = "Image based modelling of microstructural heterogeneity in
                  \ce{LiFePO4} electrodes for Li-ion batteries ",
  journal = "Journal of Power Sources ",
  volume = "247",
  pages = "1033 - 1039",
  year = "2014",
  doi = "http://dx.doi.org/10.1016/j.jpowsour.2013.04.156",
  author = "S.J. Cooper and D.S. Eastwood and J. Gelb and G. Damblanc
                  and D.J.L. Brett and R.S. Bradley and P.J. Withers
                  and P.D. Lee and A.J. Marquis and N.P. Brandon and
                  P.R. Shearing",
}

@article{kawahara2015,
  title = "New Developments of X-ray Fluorescence Imaging Techniques in Laboratory",
  journal = "Spectrochimica Acta Part B: Atomic Spectroscopy ",
  volume = "113",
  number = "",
  pages = "43 - 53",
  year = "2015",
  doi = "10.1016/j.sab.2015.09.001",
  author = "Kouichi Tsuji and Tsuyoshi Matsuno and Yuki Takimoto and
                  Masaki Yamanashi and Noritsugu Kometani and Yuji
                  C. Sasaki and Takeshi Hasegawa and Shuichi Kato and
                  Takashi Yamada and Takashi Shoji and Naoki Kawahara",
}

@Article{monteiro2013,
  author="Chae, Sejung R.  and Moon, Juhyuk and Yoon, Seyoon and Bae,
                  Sungchul and Levitz, Pierre and Winarski, Robert and
                  Monteiro, Paulo J. M.",
  title="Advanced Nanoscale Characterization of Cement Based Materials Using X-Ray Synchrotron Radiation: A Review",
  journal="International Journal of Concrete Structures and Materials",
  year="2013",
  volume="7",
  number="2",
  pages="95--110",
  doi="10.1007/s40069-013-0036-1",
}

@article{rose2013,
  author = {Martin Holt and Ross Harder and Robert Winarski and Volker Rose},
  title = {Nanoscale Hard X-Ray Microscopy Methods for Materials Studies},
  journal = {Annual Review of Materials Research},
  volume = {43},
  number = {1},
  pages = {183-211},
  year = {2013},
  doi = {10.1146/annurev-matsci-071312-121654},
}

@article{maire2014,
  author = {E. Maire and P. J. Withers},
  title = {Quantitative X-ray tomography},
  journal = {International Materials Reviews},
  volume = {59},
  number = {1},
  pages = {1-43},
  year = {2014},
  doi = {10.1179/1743280413Y.0000000023},
}

@article{stampanoni2013,
  author={R Mokso and F Marone and S Irvine and M Nyvlt and D Schwyn and K Mader and G K Taylor and H G Krapp and M Skeren and M Stampanoni},
  title={Advantages of phase retrieval for fast x-ray tomographic microscopy},
  journal={Journal of Physics D: Applied Physics},
  volume={46},
  number={49},
  pages={494004},
  doi={10.1088/0022-3727/46/49/494004},
  year={2013},
}

@article{janek2016,
  author={D Schröder and C L Bender and T Arlt and M Osenberg and A Hilger and S Risse and M Ballauff and I Manke and J Janek},
  title={In operando x-ray tomography for next-generation batteries: a systematic approach to monitor reaction product distribution and transport processes},
  journal={Journal of Physics D: Applied Physics},
  volume={49},
  number={40},
  pages={404001},
  doi={10.1088/0022-3727/49/40/404001},
  year={2016},
  }

@article{wang2013,
  author = "Wang, Jiajun and Chen-Wiegart, Yu-chen Karen and Wang, Jun",
  title = "In situ chemical mapping of a lithium-ion battery using
                  full-field hard X-ray spectroscopic imaging",
  journal = "Chem. Commun.",
  year = "2013",
  volume = "49",
  issue = "58",
  pages = "6480-6482",
  doi = "10.1039/C3CC42667J",
}

@article {ebner2013,
  author = {Ebner, Martin and Marone, Federica and Stampanoni, Marco
                  and Wood, Vanessa},
  title = {Visualization and Quantification of Electrochemical and
                  Mechanical Degradation in Li Ion Batteries},
  volume = {342},
  number = {6159},
  pages = {716--720},
  year = {2013},
  doi = {10.1126/science.1241882},
  journal = {Science}
}

@article{wang2014-2,
  author = {Wang, Jiajun and Chen-Wiegart, Yu-chen Karen and Wang, Jun},
  year = {2014},
  title = {In Situ Three-Dimensional Synchrotron X-Ray Nanotomography
                  of the (De)lithiation Processes in Tin Anodes},
  journal = {Angewandte Chemie International Edition},
  doi = {10.1002/anie.201310402},
  volume = {53},
  month = {4},
  pages = {4460--4464},
  number = {17},
}

@article{lin2013,
  title = "In situ high-energy X-ray diffraction to study overcharge
                  abuse of 18650-size lithium-ion battery ",
  journal = "Journal of Power Sources ",
  volume = "230",
  number = "",
  pages = "32 - 37",
  year = "2013",
  doi = "10.1016/j.jpowsour.2012.12.032",
  author = "Chi-Kai Lin and Yang Ren and Khalil Amine and Yan Qin and
                  Zonghai Chen",
}

@article {zhao2016,
  author = {Zhao, Jianqing and Zhang, Wei and Huq, Ashfia and Misture,
                  Scott T. and Zhang, Boliang and Guo, Shengmin and
                  Wu, Lijun and Zhu, Yimei and Chen, Zonghai and
                  Amine, Khalil and Pan, Feng and Bai, Jianming and
                  Wang, Feng},
  title = {In Situ Probing and Synthetic Control of Cationic Ordering
                  in Ni-Rich Layered Oxide Cathodes},
  journal = {Advanced Energy Materials},
  issn = {1614-6840},
  doi = {10.1002/aenm.201601266},
  pages = {1601266--n/a},
  year = {2016},
  note = {1601266},
}

@article{manthiram2016,
title = "A Perspective on Nickel-rich Layered Oxide Cathodes for Lithium-ion Batteries ",
journal = "Energy Storage Materials ",
volume = "",
number = "",
pages = " - ",
year = "2016",
note = "",
issn = "2405-8297",
doi = "10.1016/j.ensm.2016.10.007",
author = "Arumugam Manthiram and Bohang Song and Wangda Li"
}

@article{meister2016,
author = {Meister, Paul and Jia, Haiping and Li, Jie and Kloepsch, Richard and Winter, Martin and Placke, Tobias},
title = {Best Practice: Performance and Cost Evaluation of Lithium Ion Battery Active Materials with Special Emphasis on Energy Efficiency},
journal = {Chemistry of Materials},
volume = {28},
number = {20},
pages = {7203-7217},
year = {2016},
doi = {10.1021/acs.chemmater.6b02895},
}

@article{seo2012,
author = {Seo, Im Sul and Park, Seungwon and Yao, Takeshi},
title = {Relaxation Phase Analysis of Li Inserted Li-Mn-O Cathode for
                  Secondary Li Ion Batteries},
volume = {2},
number = {1},
pages = {A6-A9},
year = {2013},
doi = {10.1149/2.007301eel},
journal = {ECS Electrochemistry Letters}
}

@Article{yang2016,
author ="Yang, Junghoon and Muhammad, Shoaib and Jo, Mi Ru and Kim, Hyunchul and Song, Kyeongse and Agyeman, Daniel Adjei and Kim, Yong-Il and Yoon, Won-Sub and Kang, Yong-Mook",
title  ="In situ analyses for ion storage materials",
journal  ="Chem. Soc. Rev.",
year  ="2016",
volume  ="45",
issue  ="20",
pages  ="5717-5770",
doi  ="10.1039/C5CS00734H",
}

@article{romano2016,
author = {Romano, Francesco Paolo and Caliri, Claudia and Cosentino, Luigi and Gammino, Santo and Mascali, David and Pappalardo, Lighea and Rizzo, Francesca and Scharf, Oliver and Santos, Hellen Cristine},
title = {Micro X-ray Fluorescence Imaging in a Tabletop Full Field-X-ray Fluorescence Instrument and in a Full Field-Particle Induced X-ray Emission End Station},
journal = {Analytical Chemistry},
volume = {88},
number = {20},
pages = {9873-9880},
year = {2016},
doi = {10.1021/acs.analchem.6b02811},
}


@article{yamada2016,
  title={Relaxation Analysis of LiNi<sub>0.5</sub>Mn<sub>1.5</sub>O<sub>4</sub> 5 V Cathode Material by Means of the Rietveld Refinement},
  author={Keisuke YAMADA and Shigeomi TAKAI and Takeshi YABUTSUKA and Takeshi YAO},
  journal={Electrochemistry},
  volume={84},
  number={10},
  pages={808-811},
  year={2016},
  doi={10.5796/electrochemistry.84.808}
}

@Article{duan2016,
author={Duan, Xiaoyue and Yang, Feifei and Antono, Erin and Yang,
                  Wenge and Pianetta, Piero and Ermon, Stefano and
                  Mehta, Apurva and Liu, Yijin},
title={Unsupervised Data Mining in nanoscale X-ray Spectro-Microscopic Study of NdFeB Magnet},
journal={Scientific Reports},
year={2016},
month={Sep},
day={29},
volume={6},
pages={34406},
doi={10.1038/srep34406}
}

@article{xu2016,
title = "Structural integrity—Searching the key factor to suppress the voltage fade of Li-rich layered cathode materials through 3D X-ray imaging and spectroscopy techniques ",
journal = "Nano Energy ",
volume = "28",
pages = "164 - 171",
year = "2016",
note = "",
doi = "10.1016/j.nanoen.2016.08.039",
author = "Yahong Xu and Enyuan Hu and Feifei Yang and Jeff Corbett and Zhihong Sun and Yingchun Lyu and Xiqian Yu and Yijin Liu and Xiao-Qing Yang and Hong Li",
}


@article{liu2016-2,
author = {Liu, Haodong and Huang, Jiajia and Qian, Danna and Hy, Sunny and Fang, Chengcheng and Luo, Jian and Meng, Ying Shirley}, 
title = {Enhancing the Electrochemical Performance of Lithium-Excess Layered Oxide Li1.13Ni0.3Mn0.57O2 via a Facile Nanoscale Surface Modification},
volume = {163},
number = {6},
pages = {A971-A973},
year = {2016},
doi = {10.1149/2.0821606jes},
journal = {Journal of The Electrochemical Society}
}

@Article{wang2016,
author={Wang, Jiajun and Karen Chen-Wiegart, Yu-Chen and Eng,
                  Christopher and Shen, Qun and Wang, Jun},
title={Visualization of Anisotropic-Isotropic Phase Transformation
                  Dynamics in Battery Electrode Particles},
journal={Nature Communications},
year={2016},
month={Aug},
day={12},
volume={7},
pages={12372},
doi={10.1038/ncomms12372}
}

@article{anderson2016,
author = {Sam L. Anderson and Erik J. Luber and Brian C. Olsen and Jillian M. Buriak},
title = {Substance over Subjectivity: Moving beyond the Histogram},
journal = {Chemistry of Materials},
volume = {28},
number = {17},
pages = {5973-5975},
year = {2016},
doi = {10.1021/acs.chemmater.6b03430},
}

@article{vanderven2009-2,
title = "Effect of surface energies and nano-particle size distribution on open circuit voltage of Li-electrodes ",
journal = "Electrochemistry Communications ",
volume = "11",
number = "4",
pages = "881 - 884",
year = "2009",
doi = "10.1016/j.elecom.2009.02.015",
author = "A. Van der Ven and M. Wagemaker",
}

@article{talaie2016,
author = {Elahe Talaie  and Patrick Bonnick  and Xiaoqi Sun  and Quan Pang  and Xiao Liang  and Linda F. Nazar },
title = {Methods and Protocols for Electrochemical Energy Storage Materials Research},
journal = {Chemistry of Materials},
year = {2016},
doi = {10.1021/acs.chemmater.6b02726},
}

@article{venkatakrishnan2016,
  author={S. V. Venkatakrishnan and M. Farmand and Y. S. Yu and
                  H. Majidi and K. van Benthem and S. Marchesini and
                  D. A. Shapiro and A. Hexemer},
  journal={IEEE Signal Processing Letters},
  title={Robust X-Ray Phase Ptycho-Tomography},
  year={2016},
  volume={23},
  number={7},
  pages={944-948},
  doi={10.1109/LSP.2016.2562504},
}

@article {sina2016,
author = {Sina, Mahsa and Alvarado, Judith and Shobukawa, Hitoshi and
                  Alexander, Caleb and Manichev, Viacheslav and
                  Feldman, Leonard and Gustafsson, Torgny and
                  Stevenson, Keith J. and Meng, Ying Shirley},
title = {Direct Visualization of the Solid Electrolyte Interphase and
                  Its Effects on Silicon Electrochemical Performance},
journal = {Advanced Materials Interfaces},
issn = {2196-7350},
doi = {10.1002/admi.201600438},
year = {2016},
}


@ARTICLE{whittingham2012,
author={M. Stanley Whittingham},
journal={Proceedings of the IEEE},
title={History, Evolution, and Future Status of Energy Storage},
year={2012},
volume={100},
number={Special Centennial Issue},
pages={1518-1534},
doi={10.1109/JPROC.2012.2190170},
month={May},
}

@article{zhou2016,
author = "Zhou, Jigang and Wang, Jian and Cutler, Jeffrey and Hu,
                  Enyuan and Yang, Xiao-Qing",
title = "Imaging the surface morphology, chemistry and conductivity of
                  LiNi1/3Fe1/3Mn4/3O4 crystalline facets using
                  scanning transmission X-ray microscopy",
journal = "Phys. Chem. Chem. Phys.",
year = "2016",
volume = "18",
issue = "33",
pages = "22789-22793",
doi = "10.1039/C6CP03511F",
}


@incollection{paraview2005,
title = "36 - ParaView: An End-User Tool for Large-Data Visualization ",
editor = "Hansen, Charles D.  and Johnson, Chris R. ",
booktitle = "Visualization Handbook ",
publisher = "Butterworth-Heinemann",
address = "Burlington",
year = "2005",
pages = "717 - 731",
isbn = "978-0-12-387582-2",
doi = "10.1016/B978-012387582-2/50038-1",
author = "JAMES AHRENS and BERK GEVECI and CHARLES LAW"
}

@article{walt2014,
 title = {scikit-image: image processing in Python},
 author = {van der Walt, Stéfan and Schönberger, Johannes L. and
                  Nunez-Iglesias, Juan and Boulogne, François and
                  Warner, Joshua D. and Yager, Neil and Gouillart,
                  Emmanuelle and Yu, Tony and },
 year = 2014,
 month = jun,
 volume = 2,
 pages = {e453},
 journal = {PeerJ},
 doi = {10.7717/peerj.453}
}

@article{pelt2015,
author={D. M. Pelt and K. J. Batenburg},
journal={Proceedings of the 13th International Meeting on Fully Three-Dimensional 
        Image Reconstruction in Radiology and Nuclear Medicine},
title={Improving Filtered Backprojection Reconstruction by Data-Dependent Filtering}, 
year={2015},
}

@article{pelt2014,
author={D. M. Pelt and K. J. Batenburg},
journal={IEEE Transactions on Image Processing},
title={Improving Filtered Backprojection Reconstruction by Data-Dependent Filtering}, 
year={2014},
volume={23},
number={11},
pages={4750-4762},
doi={10.1109/TIP.2014.2341971},
month={Nov}
}

@article{gursoy2014,
author = "Gürsoy, Doǧa and De Carlo, Francesco and Xiao, Xianghui and
                  Jacobsen, Chris",
title = "TomoPy: a framework for the analysis of synchrotron~tomographic data",
journal = "Journal of Synchrotron Radiation",
year = "2014",
volume = "21",
number = "5",
pages = "1188--1193",
doi = {10.1107/S1600577514013939},
}


@article{vanderven2009,
author = {Van der Ven, A. and Garikipati, K. and Kim, S. and Wagemaker, M.},
title = {The Role of Coherency Strains on Phase Stability in LixFePO4:
                  Needle Crystallites Minimize Coherency Strain and
                  Overpotential},
volume = {156},
number = {11},
pages = {A949-A957},
year = {2009},
doi = {10.1149/1.3222746},
journal = {Journal of The Electrochemical Society}
}

@article{grew2010,
author = {Grew, Kyle N. and Chu, Yong S. and Yi, Jaemock and
                  Peracchio, Aldo A. and Izzo, John R. and Hwu,
                  Yeukuang and De Carlo, Francesco and Chiu, Wilson
                  K. S.},
title = {Nondestructive Nanoscale 3D Elemental Mapping and Analysis of
                  a Solid Oxide Fuel Cell Anode},
volume = {157},
number = {6},
pages = {B783-B792},
year = {2010},
doi = {10.1149/1.3355957},
journal = {Journal of The Electrochemical Society}
}

@article{liu2011-2,
author = {Yijin Liu and Joy C. Andrews and Junyue Wang and Florian Meirer and Peiping Zhu and Ziyu Wu and Piero Pianetta}, 
journal = {Opt. Express},
number = {2},
pages = {540--545},
title = {Phase retrieval using polychromatic illumination for transmission X-ray microscopy},
volume = {19},
month = {Jan},
year = {2011},
doi = {10.1364/OE.19.000540},
}

@article {lim2016,
	author = {Lim, Jongwoo and Li, Yiyang and Alsem, Daan Hein and
                  So, Hongyun and Lee, Sang Chul and Bai, Peng and
                  Cogswell, Daniel A. and Liu, Xuzhao and Jin, Norman
                  and Yu, Young-sang and Salmon, Norman J. and
                  Shapiro, David A. and Bazant, Martin Z. and
                  Tyliszczak, Tolek and Chueh, William C.},
	title = {Origin and hysteresis of lithium compositional spatiodynamics within battery primary particles},
	volume = {353},
	number = {6299},
	pages = {566--571},
	year = {2016},
	doi = {10.1126/science.aaf4914},
	journal = {Science}
}

@article{seo2016,
author={Seo, Dong-Hwa
and Lee, Jinhyuk
and Urban, Alexander
and Malik, Rahul
and Kang, ShinYoung
and Ceder, Gerbrand},
title={The structural and chemical origin of the oxygen redox activity in layered and cation-disordered Li-excess cathode materials},
journal={Nat Chem},
year={2016},
month={Jul},
volume={8},
number={7},
pages={692-697},
doi={10.1038/nchem.2524}
}

@article{zhang2015-2,
author={Zhang, Xiaoyu and van Hulzen, Martijn and Singh, Deepak P.
                  and Brownrigg, Alex and Wright, Jonathan P.  and van
                  Dijk, Niels H.  and Wagemaker, Marnix},
title={Direct view on the phase evolution in individual \ce{LiFePO4}
                  nanoparticles during Li-ion battery cycling},
journal={Nature Communications},
year={2015},
month={Sep},
day={23},
volume={6},
doi={10.1038/ncomms9333}
}

@article{evans2016,
author = {Evans,James E. and Friedrich,Heiner},
title = {Advanced tomography techniques for inorganic, organic, and
                  biological materials},
journal = {MRS Bulletin},
volume = {41},
issue = {07},
month = {7},
month = {7},
year = {2016},
issn = {1938-1425},
pages = {516--521},
numpages = {6},
doi = {10.1557/mrs.2016.134},
}

@Article{wang2014,
author={Wang, Jiajun and Chen-Wiegart and Karen, Yu-chen and Wang,
                  Jun},
title={In operando tracking phase transformation evolution of lithium iron phosphate with hard X-ray microscopy},
journal={Nat Commun},
volume={5},
doi = {10.1038/ncomms5570},
}

@article{leenheer2016,
author = {Andrew J. Leenheer and Katherine L. Jungjohann and Kevin
                  R. Zavadil and Charles T. Harris},
title = {Phase Boundary Propagation in Li-Alloying Battery Electrodes
                  Revealed by Liquid-Cell Transmission Electron
                  Microscopy},
journal = {ACS Nano},
volume = {10},
number = {6},
pages = {5670-5678},
year = {2016},
doi = {10.1021/acsnano.6b02200},
}

@Article{chen2013,
author = "Chen, Wen-Chin and Song, Yen-Fang and Wang, Chun-Chieh and
                  Liu, Yijin and Morris, Darius T. and Pianetta, Piero
                  A. and Andrews, Joy C. and Wu, Hung-Chun and Wu,
                  Nae-Lih",
title = "Study on the synthesis-microstructure-performance
                  relationship of layered Li-excess nickel-manganese
                  oxide as a Li-ion battery cathode prepared by
                  high-temperature calcination",
journal = "J. Mater. Chem. A",
year = "2013",
volume = "1",
issue = "36",
pages = "10847-10856",
publisher = "The Royal Society of Chemistry",
doi = "10.1039/C3TA11716B",
}

@Article{dejesus2016,
author={De Jesus, Luis R.
and Horrocks, Gregory A.
and Liang, Yufeng
and Parija, Abhishek
and Jaye, Cherno
and Wangoh, Linda
and Wang, Jian
and Fischer, Daniel A.
and Piper, Louis F. J.
and Prendergast, David
and Banerjee, Sarbajit},
title={Mapping polaronic states and lithiation gradients in individual V2O5 nanowires},
journal={Nat Commun},
year={2016},
month={Jun},
day={28},
volume={7},
doi={10.1038/ncomms12022},
}



@INPROCEEDINGS{bioucas2012, 
author={J. M. Bioucas-Dias and A. Plaza},
booktitle={Geoscience and Remote Sensing Symposium (IGARSS), 2011 IEEE International}, 
title={An overview on hyperspectral unmixing: Geometrical, statistical, and sparse regression based approaches}, 
year={2011},
pages={1135-1138}, 
doi={10.1109/IGARSS.2011.6049397}, 
month={July},
}

@article{schaffer2004,
title = "Automated spatial drift correction for \{EFTEM\} image series ",
journal = "Ultramicroscopy ",
volume = "102",
number = "1",
pages = "27 - 36",
year = "2004",
doi = "10.1016/j.ultramic.2004.08.003",
author = "Bernhard Schaffer and Werner Grogger and Gerald Kothleitner",
}

@article{duarte2014,
author={L. T. Duarte and S. Moussaoui and C. Jutten},
journal={IEEE Signal Processing Magazine},
title={Source Separation in Chemical Analysis : Recent achievements and perspectives},
year={2014},
volume={31},
number={3},
pages={135-146},
doi={10.1109/MSP.2013.2296099},
ISSN={1053-5888},
month={May},}

@article{shlens2014,
title = "A Tutorial on Independent Component Analysis",
year = "2014",
author = "Jonathon Shlens",
}

@article{knuth2005,
title = "Informed Source Separation: A Bayesian Tutorial",
journal = "Proceedings of the 13th European Signal Processing Conference",
year = "2005",
author = "Kevin H. Knuth",
}

@article{deb2006,
title = "In situ X-ray absorption spectroscopy-A probe of cathode materials for Li-ion cells",
journal = "Fluid Phase Equilibria ",
volume = "241",
number = "1–2",
pages = "4 - 19",
year = "2006",
doi = "10.1016/j.fluid.2005.12.038",
author = "Aniruddha Deb and Elton J. Cairns",
}

@article{chan2006,
title = "Valence change by in situ XAS in surface modified LiMn2O4 for
                  Li-ion battery",
journal = "Electrochemistry Communications ",
volume = "8",
number = "11",
pages = "1731 - 1736",
year = "2006",
doi = "10.1016/j.elecom.2006.07.038",
author = "Hong-Wei Chan and Jenq-Gong Duh and Jyh-Fu Lee",
}


@Article{orikasa2016,
author={Orikasa, Yuki and Gogyo, Yuma and Yamashige, Hisao and
                  Katayama, Misaki and Chen, Kezheng and Mori, Takuya
                  and Yamamoto, Kentaro and Masese, Titus and Inada,
                  Yasuhiro and Ohta, Toshiaki and Siroma, Zyun and
                  Kato, Shiro and Kinoshita, Hajime and Arai, Hajime
                  and Ogumi, Zempachi and Uchimoto, Yoshiharu},
title={Ionic Conduction in Lithium Ion Battery Composite Electrode
                  Governs Cross-sectional Reaction Distribution},
journal={Scientific Reports},
year={2016},
volume={6},
pages={26382},
doi={10.1038/srep26382}
}

@article{tanida2016,
author = {Hajime Tanida and Hisao Yamashige and Yuki Orikasa and Yuma Gogyo and Hajime Arai and Yoshiharu Uchimoto and Zempachi Ogumi},
title = {Elucidating the Driving Force of Relaxation of Reaction Distribution in LiCoO2 and LiFePO4 Electrodes Using X-ray Absorption Spectroscopy},
journal = {The Journal of Physical Chemistry C},
volume = {120},
number = {9},
pages = {4739-4743},
year = {2016},
doi = {10.1021/acs.jpcc.5b10210},
}

@article{yang2014-2,
author = {Feifei Yang and Yijin Liu and Surendra K. Martha and Ziyu Wu and Joy C. Andrews and Gene E. Ice and Piero Pianetta and Jagjit Nanda},
title = {Nanoscale Morphological and Chemical Changes of High Voltage Lithium-Manganese Rich NMC Composite Cathodes with Cycling},
journal = {Nano Letters},
volume = {14},
number = {8},
pages = {4334-4341},
year = {2014},
doi = {10.1021/nl502090z},
}



@article{gent2016,
author = "Gent, William E. and Li, Yiyang and Ahn, Sungjin and Lim,
                  Jongwoo and Liu, Yijin and Wise, Anna M. and Gopal,
                  Chirranjeevi Balaji and Mueller, David N. and Davis,
                  Ryan and Weker, Johanna Nelson and Park, Jin-Hwan
                  and Doo, Seok-Kwang and Chueh, William C.",
title = "Persistent State-of-Charge Heterogeneity in Relaxed,
                  Partially Charged \ce{Li_{1-x}Ni_{1/3}Co_{1/3}Mn_{1/3}O_2} Secondary
                  Particles",
journal = "Advanced Materials",
volume = "28",
number = "31",
pages = "6631--6638",
doi = "10.1002/adma.201601273",
year = "2016",
}

@Article{makimura2016,
author ="Makimura, Yoshinari and Sasaki, Tsuyoshi and Nonaka, Takamasa and Nishimura, Yusaku F. and Uyama, Takeshi and Okuda, Chikaaki and Itou, Yuichi and Takeuchi, Yoji",
title  ="Factors affecting cycling life of LiNi0.8Co0.15Al0.05O2 for lithium-ion batteries",
journal  ="J. Mater. Chem. A",
year  ="2016",
volume  ="4",
issue  ="21",
pages  ="8350-8358",
doi  ="10.1039/C6TA01251E",
}

@article{huang2014-2,
title = "Synthesis of Mg-doped LiNi0.8Co0.15Al0.05O2 oxide and its electrochemical behavior in high-voltage lithium-ion batteries",
journal = "Ceramics International",
volume = "40",
number = "8, Part B",
pages = "13223 - 13230",
year = "2014",
doi = "10.1016/j.ceramint.2014.05.029",
author = "Bin Huang and Xinhai Li and Zhixing Wang and Huajun Guo and Xunhui Xiong",
}

@article {yan2016,
author = {Yan, Pengfei and Zheng, Jianming and Zheng, Jiaxin and Wang, Zhiguo and Teng, Gaofeng and Kuppan, Saravanan and Xiao, Jie and Chen, Guoying and Pan, Feng and Zhang, Ji-Guang and Wang, Chong-Min},
title = {Ni and Co Segregations on Selective Surface Facets and Rational Design of Layered Lithium Transition-Metal Oxide Cathodes},
journal = {Advanced Energy Materials},
volume = {6},
number = {9},
doi = {10.1002/aenm.201502455},
year = {2016},
}

@article{pelt2013,
author={D. M. Pelt and K. J. Batenburg},
journal={IEEE Transactions on Image Processing},
title={Fast Tomographic Reconstruction From Limited Data Using Artificial Neural Networks}, 
year={2013},
volume={22},
number={12},
pages={5238-5251},
doi={10.1109/TIP.2013.2283142},
month={Dec},
}

@article{nelson2012,
author = {Johanna Nelson and Sumohan Misra and Yuan Yang and Ariel Jackson and Yijin Liu and Hailiang Wang and Hongjie Dai and Joy C. Andrews and Yi Cui and Michael F. Toney},
title = {In Operando X-ray Diffraction and Transmission X-ray Microscopy of Lithium Sulfur Batteries},
journal = {Journal of the American Chemical Society},
volume = {134},
number = {14},
pages = {6337-6343},
year = {2012},
doi = {10.1021/ja2121926},
}

@article{shapiro2014,
  author={Shapiro, David A. and Yu, Young-Sang and Tyliszczak, Tolek
                  and Cabana, Jordi and Celestre, Rich and Chao,
                  Weilun and Kaznatcheev, Konstantin and Kilcoyne,
                  David A L. and Maia, Filipe and Marchesini, Stefano
                  and Meng, Y. Shirley and Warwick, Tony and Yang, Lee
                  Lisheng and Padmore, Howard A.},
  title={Chemical Composition Mapping with Nanometre Resolution by
                  Soft X-ray Microscopy},
  journal={Nature Photonics},
  year={2014},
  month={Oct},
  volume={8},
  number={10},
  pages={765-769},
  doi={10.1038/nphoton.2014.207}
}

@article{arngren2010,
author="Arngren, Morten and Schmidt, Mikkel N.  and Larsen, Jan",
title="Unmixing of Hyperspectral Images using Bayesian Non-negative
                  Matrix Factorization with Volume Prior",
journal="Journal of Signal Processing Systems",
year="2010",
volume="65",
number="3",
pages="479--496",
issn="1939-8115",
doi="10.1007/s11265-010-0533-2",
}

@article{tola2010,
author={E. Tola and V. Lepetit and P. Fua},
journal={IEEE Transactions on Pattern Analysis and Machine Intelligence},
title={DAISY: An Efficient Dense Descriptor Applied to Wide-Baseline Stereo},
year={2010},
volume={32},
number={5},
pages={815-830},
doi={10.1109/TPAMI.2009.77},
month={May}
}

@article{yoon2014,
author={Yoon, Won-Sub and Haas, Otto and Muhammad, Shoaib and Kim,
                  Hyunchul and Lee, Wontae and Kim, Donghwi and
                  Fischer, Daniel A.  and Jaye, Cherno and Yang,
                  Xiao-Qing and Balasubramanian, Mahalingam and Nam,
                  Kyung-Wan},
title={In situ soft XAS study on nickel-based layered cathode material
                  at elevated temperatures: A novel approach to study
                  thermal stability},
journal={Scientific Reports},
year={2014},
month={Oct},
day={29},
volume={4},
pages={6827},
doi={10.1038/srep06827}
}

@article{yoon2007,
title = "Electronic structural changes of the electrochemically Li-ion
                  deintercalated \ce{LiNi_{0.8}Co_{0.15}Al_{0.05}O_2}
                  cathode material investigated by X-ray absorption
                  spectroscopy ",
journal = "Journal of Power Sources ",
volume = "174",
number = "2",
pages = "1015--1020",
year = "2007",
doi = "10.1016/j.jpowsour.2007.06.214",
author = "Won-Sub Yoon and Kyung Yoon Chung and James McBreen and Daniel A. Fischer and Xiao-Qing Yang",
}

@article{allahkarami2011-2,
author = "Allahkarami, Masoud and Hanan, Jay C.",
title = "X-ray diffraction mapping on a curved surface",
journal = "Journal of Applied Crystallography",
year = "2011",
volume = "44",
number = "6",
pages = "1211--1216",
month = "Dec",
doi = {10.1107/S0021889811042221},
}

@article{allahkarami2011,
author={Allahkarami, Masoud and Hanan, Jay C.},
title={Mapping the tetragonal to monoclinic phase transformation in
                  zirconia core dental crowns},
journal={Dental Materials},
year={2011},
month={04},
volume={27},
number={12},
pages={1279-1284},
doi={10.1016/j.dental.2011.09.004},
}

@article{fukumitsu2015,
  title={Development of In Situ Cross-Sectional Raman Imaging of LiCoO<sub>2</sub> Cathode for Li-ion Battery},
  author={Hitoshi FUKUMITSU and Miho OMORI and Kenji TERADA and Shogo SUEHIRO},
  journal={Electrochemistry},
  volume={83},
  number={11},
  pages={993-996},
  year={2015},
  doi={10.5796/electrochemistry.83.993}
}

@article{yang2014,
author = "Yang, Yimeng and Yang, Feifei and Hingerl, Ferdinand F. and
                  Xiao, Xianghui and Liu, Yijin and Wu, Ziyu and
                  Benson, Sally M. and Toney, Michael F. and Andrews,
                  Joy C. and Pianetta, Piero",
title = "Registration of the rotation axis in X-ray tomography",
journal = "Journal of Synchrotron Radiation",
year = "2015",
volume = "22",
number = "2",
pages = "452--457",
doi = {10.1107/S160057751402726X},
}

@article{azhagurajan2016,
author = {Mukkannan Azhagurajan and Tetsuya Kajita and Takashi Itoh
                  and Youn-Geun Kim and Kingo Itaya},
title = {In Situ Visualization of Lithium Ion Intercalation into MoS2
                  Single Crystals using Differential Optical
                  Microscopy with Atomic Layer Resolution},
journal = {Journal of the American Chemical Society},
volume = {0},
number = {0},
pages = {null},
year = {0},
doi = {10.1021/jacs.5b11849},
}

@article{amin2015,
author = {Amin, Ruhul and Ravnsbæk, Dorthe Bomholdt and Chiang, Yet-Ming},
title = {Characterization of Electronic and Ionic Transport in Li1-xNi0.8Co0.15Al0.05O2 (NCA)},
volume = {162},
number = {7},
pages = {A1163-A1169},
year = {2015},
doi = {10.1149/2.0171507jes},
journal = {Journal of The Electrochemical Society}
}

@article{nowack2016,
author={Nowack, Lea and Grolimund, Daniel and Samson, Vallerie and
                  Marone, Federica and Wood, Vanessa},
title={Rapid Mapping of Lithiation Dynamics in Transition Metal Oxide
                  Particles with Operando X-ray Absorption
                  Spectroscopy},
journal={Scientific Reports},
year={2016},
volume={6},
pages={21479},
doi={10.1038/srep21479}
}

@article{jensen2015,
author = {Jensen, Kirsten M. {\O}. and Yang, Xiaohao and Laveda, Josefa
                  Vidal and Zeier, Wolfgang G. and See, Kimberly
                  A. and Michiel, Marco Di and Melot, Brent C. and
                  Corr, Serena A. and Billinge, Simon J. L.},
title = {X-Ray Diffraction Computed Tomography for Structural Analysis
                  of Electrode Materials in Batteries},
volume = {162},
number = {7},
pages = {A1310-A1314},
year = {2015},
doi = {10.1149/2.0771507jes},
journal = {Journal of The Electrochemical Society}
}

@Article{kawaguchi2015,
author ="Kawaguchi, Tomoya and Fukuda, Katsutoshi and Tokuda, Kazuya and Sakaida, Masashi and Ichitsubo, Tetsu and Oishi, Masatsugu and Mizuki, Jun{'}ichiro and Matsubara, Eiichiro",
title  ="Roles of transition metals interchanging with lithium in electrode materials",
journal  ="Phys. Chem. Chem. Phys.",
year  ="2015",
volume  ="17",
issue  ="21",
pages  ="14064-14070",
publisher  ="The Royal Society of Chemistry",
doi  ="10.1039/C5CP00940E",
}

@article{huang2015,
author={Huang, Xiaojing
and Lauer, Kenneth
and Clark, Jesse N.
and Xu, Weihe
and Nazaretski, Evgeny
and Harder, Ross
and Robinson, Ian K.
and Chu, Yong S.},
title={Fly-scan ptychography},
journal={Scientific Reports},
year={2015},
volume={5},
pages={9074},
doi={10.1038/srep09074}
}

@article{williams2003,
  title = {Three-Dimensional Imaging of Microstructure in Au Nanocrystals},
  author = {Williams, G. J. and Pfeifer, M. A. and Vartanyants, I. A. and Robinson, I. K.},
  journal = {Phys. Rev. Lett.},
  volume = {90},
  issue = {17},
  pages = {175501},
  numpages = {4},
  year = {2003},
  month = {Apr},
  publisher = {American Physical Society},
  doi = {10.1103/PhysRevLett.90.175501},
}

@article{vartanyants2001,
  author={I A Vartanyants and I K Robinson},
  title={Partial coherence effects on the imaging of small crystals using coherent x-ray diffraction},
  journal={Journal of Physics: Condensed Matter},
  volume={13},
  number={47},
  pages={10593},
  url={http://stacks.iop.org/0953-8984/13/i=47/a=305},
  year={2001},
}

@article{sanchez-bajo1997,
author = "S{\'{a}}nchez-Bajo, F. and Cumbrera, F. L.",
title = "The Use of the Pseudo-Voigt Function in the Variance Method of X-ray Line-Broadening Analysis",
journal = "Journal of Applied Crystallography",
year = "1997",
volume = "30",
number = "4",
pages = "427--430",
doi = {10.1107/S0021889896015464},
}

@article{yoon2006,
title = "A comparative study on structural changes of
                  LiCo1/3Ni1/3Mn1/3O2 and LiNi0.8Co0.15Al0.05O2 during
                  first charge using in situ \{XRD\} ",
journal = "Electrochemistry Communications ",
volume = "8",
number = "8",
pages = "1257 - 1262",
year = "2006",
doi = "10.1016/j.elecom.2006.06.005",
author = "Won-Sub Yoon and Kyung Yoon Chung and James McBreen and Xiao-Qing Yang",
}

@article{liu2016,
title = "To get the most out of high resolution X-ray tomography: A review of the post-reconstruction analysis ",
journal = "Spectrochimica Acta Part B: Atomic Spectroscopy ",
year = "2016",
doi = "10.1016/j.sab.2016.01.002",
author = "Yijin Liu and Andrew M. Kiss and Daniel H. Larsson and Feifei Yang and Piero Pianetta",
}

@article{zeng2010,
author = {Dongli Zeng and Jordi Cabana and Won-Sub Yoon and Clare P. Grey},
title = {Investigation of the Structural Changes in Li[NiyMnyCo(1−2y)]O2 (y = 0.05) upon Electrochemical Lithium Deintercalation},
journal = {Chemistry of Materials},
volume = {22},
number = {3},
pages = {1209-1219},
year = {2010},
doi = {10.1021/cm902721w},
}

@article{zeng2007,
author = {Dongli Zeng and Jordi Cabana and Julien Bréger and Won-Sub Yoon and Clare P. Grey},
title = {Cation Ordering in Li[NixMnxCo(1–2x)]O2-Layered Cathode Materials: A Nuclear Magnetic Resonance (NMR), Pair Distribution Function, X-ray Absorption Spectroscopy, and Electrochemical Study},
journal = {Chemistry of Materials},
volume = {19},
number = {25},
pages = {6277-6289},
year = {2007},
doi = {10.1021/cm702241a},
}

@Article{lin2016,
author={Lin, Feng
and Nordlund, Dennis
and Li, Yuyi
and Quan, Matthew K.
and Cheng, Lei
and Weng, Tsu-Chien
and Liu, Yijin
and Xin, Huolin L.
and Doeff, Marca M.},
title={Metal segregation in hierarchically structured cathode materials for high-energy lithium batteries},
journal={Nature Energy},
year={2016},
month={Jan},
day={11},
volume={1},
pages={15004},
doi={10.1038/nenergy.2015.4}
}

@article{jarry2015,
author = {Angélique Jarry and Sébastien Gottis and Young-Sang Yu and Josep Roque-Rosell and Chunjoong Kim and Jordi Cabana and John Kerr and Robert Kostecki},
title = {The Formation Mechanism of Fluorescent Metal Complexes at the LixNi0.5Mn1.5O4−δ/Carbonate Ester Electrolyte Interface},
journal = {Journal of the American Chemical Society},
volume = {137},
number = {10},
pages = {3533-3539},
year = {2015},
doi = {10.1021/ja5116698},
}

@article {mccalla2015,
	author = {McCalla, Eric and Abakumov, Artem M. and Sauban{\`e}re, Matthieu and Foix, Dominique and Berg, Erik J. and Rousse, Gwenaelle and Doublet, Marie-Liesse and Gonbeau, Danielle and Nov{\'a}k, Petr and Van Tendeloo, Gustaaf and Dominko, Robert and Tarascon, Jean-Marie},
	title = {Visualization of O-O peroxo-like dimers in high-capacity layered oxides for Li-ion batteries},
	volume = {350},
	number = {6267},
	pages = {1516--1521},
	year = {2015},
	doi = {10.1126/science.aac8260},
	journal = {Science}
}

@article{bianchini2015,
author = "Bianchini, Matteo and Fauth, Fran{\c{c}}ois and Suard, Emmanuelle and Leriche, Jean-Bernard and Masquelier, Christian and Croguennec, Laurence",
title = "Spinel materials for Li-ion batteries: new insights obtained by {\it operando} neutron and synchrotron X-ray diffraction",
journal = "Acta Crystallographica Section B",
year = "2015",
volume = "71",
number = "6",
pages = "688--701",
month = "Dec",
doi = {10.1107/S2052520615017199},
}

@article{yu2015-2,
author = {Young-Sang Yu and Chunjoong Kim and David A. Shapiro and Maryam Farmand and Danna Qian and Tolek Tyliszczak and A. L. David Kilcoyne and Rich Celestre and Stefano Marchesini and John Joseph and Peter Denes and Tony Warwick and Fiona C. Strobridge and Clare P. Grey and Howard Padmore and Ying Shirley Meng and Robert Kostecki and Jordi Cabana},
title = {Dependence on Crystal Size of the Nanoscale Chemical Phase Distribution and Fracture in \ce{Li_{x}FePO4}},
journal = {Nano Letters},
volume = {15},
number = {7},
pages = {4282-4288},
year = {2015},
doi = {10.1021/acs.nanolett.5b01314},
}

@article{hess2015,
author={Hess, Michael
and Sasaki, Tsuyoshi
and Villevieille, Claire
and Novak, Petr},
title={Combined operando X-ray diffraction-electrochemical impedance spectroscopy detecting solid solution reactions of LiFePO4 in batteries},
journal={Nat Commun},
year={2015},
volume={6},
doi={10.1038/ncomms9169}
}

@article{kindermann2015,
title = "Long-term equalization effects in Li-ion batteries due to local state of charge inhomogeneities and their impact on impedance measurements ",
journal = "Electrochimica Acta ",
volume = "185",
pages = "107 - 116",
year = "2015",
doi = "10.1016/j.electacta.2015.10.108",
author = "Frank M. Kindermann and Andreas Noel and Simon V. Erhard and Andreas Jossen",
}

@article{sezgin2004,
author = {Sezgin, Mehmet and Sankur, Bu¨lent},
title = {Survey over image thresholding techniques and quantitative performance evaluation},
journal = {Journal of Electronic Imaging},
volume = {13},
number = {1},
pages = {146-168},
year = {2004},
doi = {10.1117/1.1631315},
}

@article{liu2012,
year={2012},
journal={Analytical and Bioanalytical Chemistry},
volume={404},
number={5},
doi={10.1007/s00216-012-5818-9},
title={3D elemental sensitive imaging using transmission X-ray microscopy},
author={Liu, Yijin and Meirer, Florian and Wang, Junyue and Requena, Guillermo and Williams, Phillip and Nelson, Johanna and Mehta, Apurva and Andrews, JoyC. and Pianetta, Piero},
pages={1297-1301},
}

@ARTICLE{reddy1996,
author={Reddy, B.S. and Chatterji, B.N.},
journal={Image Processing, IEEE Transactions on},
title={An FFT-based technique for translation, rotation, and scale-invariant image registration}, 
year={1996},
volume={5},
number={8},
pages={1266-1271},
doi={10.1109/83.506761},
}

@Article{safaei2015,
author ="Safaei, Hossein and Keith, David W.",
title  ="How much bulk energy storage is needed to decarbonize electricity?",
journal  ="Energy Environ. Sci.",
year  ="2015",
volume  ="8",
issue  ="12",
pages  ="3409-3417",
publisher  ="The Royal Society of Chemistry",
doi  ="10.1039/C5EE01452B",
}

@article{jin2015,
author={Li, Linsen
and Chen-Wiegart, Yu-chen Karen
and Wang, Jiajun
and Gao, Peng
and Ding, Qi
and Yu, Young-Sang
and Wang, Feng
and Cabana, Jordi
and Wang, Jun
and Jin, Song},
title={Visualization of Electrochemically Driven Solid-State Phase
                  Transformations Using Operando Hard X-ray
                  Spectro-imaging},
journal={Nat Commun},
year={2015},
month={Apr},
day={20},
volume={6},
}

@article{robert2015,
author = {Rosa Robert and Christa Bünzli and Erik J. Berg and Petr Novák},
title = {Activation Mechanism of LiNi0.80Co0.15Al0.05O2: Surface and
                  Bulk Operando Electrochemical, Differential
                  Electrochemical Mass Spectrometry, and X-ray
                  Diffraction Analyses},
journal = {Chemistry of Materials},
volume = {27},
number = {2},
pages = {526-536},
year = {2015},
doi = {10.1021/cm503833b},
}

@article{islam2015,
author = {Mazharul M. Islam and Thomas Bredow},
title = {Interstitial Lithium Diffusion Pathways in γ-LiAlO2: A Computational Study},
journal = {The Journal of Physical Chemistry Letters},
volume = {0},
number = {0},
pages = {4622-4626},
year = {0},
doi = {10.1021/acs.jpclett.5b01780},
}

@article{croy2015,
author = {Jason R. Croy and Mahalingam Balasubramanian and Kevin
                  G. Gallagher and Anthony K. Burrell},
title = {Review of the U.S. Department of Energy’s “Deep Dive” Effort
                  to Understand Voltage Fade in Li- and Mn-Rich
                  Cathodes},
journal = {Accounts of Chemical Research},
volume = {48},
number = {11},
pages = {2813-2821},
year = {2015},
doi = {10.1021/acs.accounts.5b00277},
}

@article{gauthier2015,
author = {Magali Gauthier and Thomas J. Carney and Alexis Grimaud and Livia Giordano and Nir Pour and Hao-Hsun Chang and David P. Fenning and Simon F. Lux and Odysseas Paschos and Christoph Bauer and Filippo Maglia and Saskia Lupart and Peter Lamp and Yang Shao-Horn},
title = {Electrode–Electrolyte Interface in Li-Ion Batteries: Current Understanding and New Insights},
journal = {The Journal of Physical Chemistry Letters},
volume = {0},
number = {0},
pages = {4653-4672},
year = {0},
doi = {10.1021/acs.jpclett.5b01727},
}

@article{kirshenbaum2015,
author = {Kirshenbaum, Kevin and Bock, David C. and Lee, Chia-Ying and Zhong, Zhong and Takeuchi, Kenneth J. and Marschilok, Amy C. and Takeuchi, Esther S.}, 
title = {In situ visualization of Li/Ag2VP2O8 batteries revealing rate-dependent discharge mechanism},
volume = {347},
number = {6218},
pages = {149-154},
year = {2015},
doi = {10.1126/science.1257289},
journal = {Science}
}

@article{mukerjee1994,
author = {Mukerjee, S. and Thurston, R. and Jisrawi, N.M. and Yang, X.0. and McBreen, J. and Daroux, M.L. and Xing, X.K.},
title = {Structural Evolution of LixMn2O4 in Lithium-Ion Battery Cells Measured In Situ Using Synchrotron X-Ray Diffraction Techniques},
volume = {145},
number = {2},
pages = {466-472},
year = {1994},
journal = {Journal of the Electrochemical Society}
}

@article{ulvestad2015,
author = {Ulvestad, A. and Singer, A. and Clark, J. N. and Cho, H. M. and Kim, J. W. and Harder, R. and Maser, J. and Meng, Y. S. and Shpyrko, O. G.}, 
title = {Topological defect dynamics in operando battery nanoparticles},
volume = {348},
number = {6241},
pages = {1344-1347},
year = {2015},
doi = {10.1126/science.aaa1313},
journal = {Science}
}

@article{olivares2015,
author = {Mara Olivares-Mar\'in and Andrea Sorrentino and Rung-Chuan Lee and Eva Pereiro and Nae-Lih Wu and Dino Tonti},
title = {Spatial Distributions of Discharged Products of Lithium-Oxygen Batteries Revealed by Synchrotron X-ray Transmission Microscopy},
journal = {Nano Letters},
volume = {15},
number = {10},
pages = {6932-6938},
year = {2015},
doi = {10.1021/acs.nanolett.5b02862},
}

@article{liu2015,
author = {Liu, Tao and Leskes, Michal and Yu, Wanjing and Moore, Amy J. and Zhou, Lina and Bayley, Paul M. and Kim, Gunwoo and Grey, Clare P.}, 
title = {Cycling Li-O2 batteries via LiOH formation and decomposition},
volume = {350},
number = {6260},
pages = {530-533},
year = {2015},
doi = {10.1126/science.aac7730},
journal = {Science}
}

@article{mohwald2015,
author = {Helmuth Möhwald and Paul S. Weiss},
title = {Is Nano a Bubble?},
journal = {ACS Nano},
volume = {9},
number = {10},
pages = {9427-9428},
year = {2015},
doi = {10.1021/acsnano.5b06393},
}

@article{groger2015,
author = {Gröger, Oliver and Gasteiger, Hubert A. and Suchsland, Jens-Peter},
title = {Review—Electromobility: Batteries or Fuel Cells?},
volume = {162},
number = {14},
pages = {A2605-A2622},
year = {2015},
doi = {10.1149/2.0211514jes},
journal = {Journal of The Electrochemical Society}
}

@article{kitada2016,
title = "Factors determining the packing-limitation of active materials in the composite electrode of lithium-ion batteries ",
journal = "Journal of Power Sources ",
volume = "301",
number = "",
pages = "11 - 17",
year = "2016",
doi = "http://dx.doi.org/10.1016/j.jpowsour.2015.09.105",
author = "Koji Kitada and Haruno Murayama and Katsutoshi Fukuda and Hajime Arai and Yoshiharu Uchimoto and Zempachi Ogumi and Eiichiro Matsubara",
}

@article{richard1997,
author = {Richard, M. N. and Koetschau, I. and Dahn, J. R.},
title = {A Cell for In Situ X‐Ray Diffraction Based on Coin Cell Hardware and Bellcore Plastic Electrode Technology},
volume = {144},
number = {2},
pages = {554-557},
year = {1997},
doi = {10.1149/1.1837447},
journal = {Journal of The Electrochemical Society}
}

@article {yu2015,
author = {Yu, Young-Sang and Kim, Chunjoong and Liu, Yijin and van der Ven, Anton and Meng, Ying Shirley and Kostecki, Robert and Cabana, Jordi},
title = {Nonequilibrium Pathways during Electrochemical Phase Transformations in Single Crystals Revealed by Dynamic Chemical Imaging at Nanoscale Resolution},
journal = {Advanced Energy Materials},
volume = {5},
number = {7},
doi = {10.1002/aenm.201402040},
year = {2015},
}


@Article{robert2014,
author ="Robert, Rosa and Villevieille, Claire and Novak, Petr",
title  ="Enhancement of the high potential specific charge in layered electrode materials for lithium-ion batteries",
journal  ="J. Mater. Chem. A",
year  ="2014",
volume  ="2",
issue  ="23",
pages  ="8589-8598",
publisher  ="The Royal Society of Chemistry",
doi  ="10.1039/C3TA12643A",
}

@article {toby2013,
author = {Toby, Brian H. and Von Dreele, Robert B.},
title = {GSAS-II: the genesis of a modern open-source all purpose crystallography software package},
journal = {Journal of Applied Crystallography},
volume = {46},
number = {2},
publisher = {International Union of Crystallography},
doi = {10.1107/S0021889813003531},
pages = {544--549},
year = {2013},
}

@article{kamat2015,
author = {Prashant V. Kamat},
title = {Looking Beyond the Ph.D.},
journal = {The Journal of Physical Chemistry Letters},
volume = {6},
number = {16},
pages = {3139-3140},
year = {2015},
doi = {10.1021/acs.jpclett.5b01620},
}

@article{he2015,
author = {He, Hao and Liu, Bo and Abouimrane, Ali and Ren, Yang and Liu, Yuzi and Liu, Qi and Chao, Zi-Sheng}, 
title = {Dynamic Lithium Intercalation/Deintercalation in 18650 Lithium Ion Battery by Time-Resolved High Energy Synchrotron X-Ray Diffraction},
volume = {162}, 
number = {10}, 
pages = {A2195-A2200}, 
year = {2015}, 
doi = {10.1149/2.0771510jes}, 
journal = {Journal of The Electrochemical Society} 
}

@article {mccusker1999,
author = {McCusker, L. B. and Von Dreele, R. B. and Cox, D. E. and Louër, D. and Scardi, P.},
title = {Rietveld refinement guidelines},
journal = {Journal of Applied Crystallography},
volume = {32},
number = {1},
publisher = {International Union of Crystallography},
doi = {10.1107/S0021889898009856},
pages = {36--50},
year = {1999},
}

@article{ulvestad2014-2,
author = {Ulvestad, Andrew and Singer, Andrej and Cho, Hyung-Man and Clark, Jesse N. and Harder, Ross and Maser, Jorg and Meng, Ying Shirley and Shpyrko, Oleg G.},
title = {Single Particle Nanomechanics in Operando Batteries via Lensless Strain Mapping},
journal = {Nano Letters},
volume = {14},
number = {9},
pages = {5123-5127},
year = {2014},
doi = {10.1021/nl501858u},
}

@article {zhang2015,
author = {Zhang, Xiaoyu and Verhallen, Tomas W. and Labohm, Freek and Wagemaker, Marnix},
title = {Direct Observation of Li-Ion Transport in Electrodes under Nonequilibrium Conditions Using Neutron Depth Profiling},
journal = {Advanced Energy Materials},
volume = {5},
number = {15},
issn = {1614-6840},
doi = {10.1002/aenm.201500498},
year = {2015},
}


@article{borkiewicz2015,
author = {Borkiewicz, Olaf J. and Wiaderek, Kamila M. and Chupas, Peter J. and Chapman, Karena W.},
title = {Best Practices for Operando Battery Experiments: Influences of X-ray Experiment Design on Observed Electrochemical Reactivity},
journal = {The Journal of Physical Chemistry Letters},
volume = {6},
number = {11},
pages = {2081-2085},
year = {2015},
doi = {10.1021/acs.jpclett.5b00891},
}

@article{schuren2015,
title = "New opportunities for quantitative tracking of polycrystal responses in three dimensions ",
journal = "Current Opinion in Solid State and Materials Science ",
volume = "19",
number = "4",
pages = "235 - 244",
year = "2015",
issn = "1359-0286",
doi = "http://dx.doi.org/10.1016/j.cossms.2014.11.003",
author = "Jay C. Schuren and Paul A. Shade and Joel V. Bernier and Shiu Fai Li and Basil Blank and Jonathan Lind and Peter Kenesei and Ulrich Lienert and Robert M. Suter and Todd J. Turner and Dennis M. Dimiduk and Jonathan Almer",
}

@article{rubloff2015,
title = "New science at the meso frontier: Dense nanostructure architectures for electrical energy storage ",
journal = "Current Opinion in Solid State and Materials Science ",
volume = "19",
number = "4",
pages = "227 - 234",
year = "2015",
issn = "1359-0286",
doi = "http://dx.doi.org/10.1016/j.cossms.2014.12.004",
author = "Gary W. Rubloff and Sang Bok Lee",
}

@article{liu2014-3,
author = {Liu, Zhixiao and Mukherjee, Partha P.},
title = {Microstructure Evolution in Lithium-Ion Battery Electrode Processing},
volume = {161},
number = {8},
pages = {E3248-E3258},
year = {2014},
doi = {10.1149/2.026408jes},
journal = {Journal of The Electrochemical Society}
}

@article{liu2014-2,
author = {Liu, Zhixiao and Battaglia, Vincent and Mukherjee, Partha P.},
title = {Mesoscale Elucidation of the Influence of Mixing Sequence in Electrode Processing},
journal = {Langmuir},
volume = {30},
number = {50},
pages = {15102-15113},
year = {2014},
doi = {10.1021/la5038469},
}

@article{huang2014,
  title={Grain rotation and lattice deformation during photoinduced chemical reactions revealed by in-situ X-ray nanodiffraction},
  author={Huang, Zhifeng and Bartels, Matthias and Xu, Rui and Osterhoff, Markus and Kalbfleisch, Sebastian and Sprung, Michael and Suzuki, Akihiro and Takahashi, Yukio and Blanton, Thomas N and Salditt, Tim and others},
  year={2014}
}

@Article{ghadbeigi2015,
author ="Ghadbeigi, Leila and Harada, Jaye K. and Lettiere, Bethany R. and Sparks, Taylor D.",
title = "Performance and resource considerations of Li-ion battery electrode materials",
journal = "Energy Environ. Sci.",
year = "2015",
volume = "8",
issue = "6",
pages = "1640-1650",
publisher = "The Royal Society of Chemistry",
doi = "10.1039/C5EE00685F",
}

@article{miao2015,
author = {Miao, Jianwei and Ishikawa, Tetsuya and Robinson, Ian K. and Murnane, Margaret M.}, 
title = {Beyond crystallography: Diffractive imaging using coherent x-ray light sources},
volume = {348}, 
number = {6234}, 
pages = {530-535}, 
year = {2015}, 
doi = {10.1126/science.aaa1394}, 
journal = {Science} 
}

@article{borkiewicz2012,
author = "Borkiewicz, Olaf J. and Shyam, Badri and Wiaderek, Kamila
                  M. and Kurtz, Charles and Chupas, Peter J. and
                  Chapman, Karena W.",
title = {The AMPIX Electrochemical Cell: a Versatile Apparatus for
                  In Situ X-ray Scattering and Spectroscopic
                  Measurements},
journal = "Journal of Applied Crystallography",
year = "2012",
volume = "45",
number = "6",
pages = "1261--1269",
doi = {10.1107/S0021889812042720},
}


@article{raistrick1981,
title = "Thermodynamics and kinetics of the electrochemical insertion of lithium into tungsten bronzes ",
journal = "Solid State Ionics ",
volume = "5",
number = "0",
pages = "351 - 354",
year = "1981",
doi = "http://dx.doi.org/10.1016/0167-2738(81)90265-4",
author = "I.D. Raistrick and A.J. Mark and R.A. Huggins"
}

@article{strobridge2015,
author = {Strobridge, Fiona C. and Orvananos, Bernardo and Croft, Mark
                  and Yu, Hui-Chia and Robert, Rosa and Liu, Hao and
                  Zhong, Zhong and Connolley, Thomas and Drakopoulos,
                  Michael and Thornton, Katsuyo and Grey, Clare P.},
title = {Mapping the Inhomogeneous Electrochemical Reaction Through
                  Porous \ce{LiFePO4}-Electrodes in a Standard Coin Cell
                  Battery},
journal = {Chemistry of Materials},
volume = {27},
number = {7},
pages = {2374-2386},
year = {2015},
doi = {10.1021/cm504317a},
}

@article{ice2009,
title = "Tutorial on x-ray microLaue diffraction",
journal = "Materials Characterization",
volume = "60",
number = "11",
pages = "1191-1201",
year = "2009",
doi = "10.1016/j.matchar.2009.07.006",
author = "Gene E. Ice and Judy W.L. Pang",
}

@article {zhang2010,
author = {Zhang, Zhi-Min and Chen, Shan and Liang, Yi-Zeng and Liu,
                  Zhao-Xia and Zhang, Qi-Ming and Ding, Li-Xia and Ye,
                  Fei and Zhou, Hua},
title = {An intelligent background-correction algorithm for highly
                  fluorescent samples in Raman spectroscopy},
journal = {Journal of Raman Spectroscopy},
volume = {41},
number = {6},
doi = {10.1002/jrs.2500},
pages = {659--669},
year = {2010},
}


@article{knipe2014,
author = "Knipe, Kevin & Manero II, Albert & Siddiqui, Sanna F. &
                  Meid, Carla & Wischek, Janine & Okasinski, John &
                  Almer, Jonathan & Karlsson, Anette M. & Bartsch,
                  Marion & Raghavan, Seetha",
title = "Strain response of thermal barrier coatings captured under
                  extreme engine environments through synchrotron
                  X-ray diffraction",
journal = "Nature Communications",
year = "2012",
volume = "5",
month = "Mar",
doi = {10.1038/ncomms5559},
}

@article{shui2013,
author = "Shui, Jiang-Lan & Okasinski, John S. & Kenesei, Peter & Dobbs, Howard A. & Zhao, Dan & Almer, Jonathan D. & Liu, Di-Jia",
title = "Reversibility of anodic lithium in rechargeable lithium–oxygen batteries",
journal = "Nature Communications",
year = "2013",
volume = {4},
doi = {10.1038/ncomms3255},
}

@article{liu2011,
author = "Liu, Yijin and Meirer, Florian and Williams, Phillip A. and
                  Wang, Junyue and Andrews, Joy C. and Pianetta,
                  Piero",
title = "TXM-Wizard: a program for advanced data collection~and
                  evaluation in full-field transmission X-ray
                  microscopy",
journal = "Journal of Synchrotron Radiation",
year = "2012",
volume = "19",
number = "2",
pages = "281--287",
month = "Mar",
doi = {10.1107/S0909049511049144},
}

@article{gao1996-2,
author = {Gao, Yuan and Dahn, J. R.},
title = {Synthesis and Characterization of  Li1 + x
Mn2 − x
 O 4 for Li‐Ion Battery Applications},
volume = {143},
number = {1},
pages = {100-114},
year = {1996},
doi = {10.1149/1.1836393},
journal = {Journal of The Electrochemical Society}
}


@article{bianchini2014,
author = {Bianchini, Matteo and Suard, Emmanuelle and Croguennec, Laurence and Masquelier, Christian},
title = {Li-Rich Li1+xMn2–xO4 Spinel Electrode Materials: An Operando Neutron Diffraction Study during Li+ Extraction/Insertion},
journal = {The Journal of Physical Chemistry C},
volume = {118},
number = {45},
pages = {25947-25955},
year = {2014},
doi = {10.1021/jp509027g},
}

@article{gao1996,
  title = {Changes in the voltage profile of Li/${\mathrm{Li}}_{1+\mathit{x}}$${\mathrm{Mn}}_{2\mathrm{-}\mathit{x}}$${\mathrm{O}}_{4}$ cells as a function of     \textit{x}},
  author = {Gao, Yuan and Reimers, J. N. and Dahn, J. R.},
  journal = {Phys. Rev. B},
  volume = {54},
  issue = {6},
  pages = {3878--3883},
  numpages = {0},
  year = {1996},
  month = {Aug},
  publisher = {American Physical Society},
  doi = {10.1103/PhysRevB.54.3878},
}


@article{novak1989,
author = {Novak, G.A. and Colville A.A.},
title = {A practical interactive least-squares cell-parameter program
                  using an electronic spreadsheet and a personal
                  computer},
journal = "American Mineralogist",
volume = {74},
pages = {488-490},
year = {1989}
}

@article{paulsen1999,
author = {Paulsen, J. M. and Dahn, J. R.},
title = {Phase Diagram of Li−Mn−O Spinel in Air},
journal = {Chemistry of Materials},
volume = {11},
number = {11},
pages = {3065-3079},
year = {1999},
doi = {10.1021/cm9900960},
}

@article{zhao2014,
author = "Zhao, Yu and Ding, Yu and Song, Jie and Peng, Lele and Goodenough, John B. and Yu, Guihua",
title  = "A reversible Br2/Br- redox couple in the aqueous phase as a high-performance catholyte for alkali-ion batteries",
journal = "Energy Environ. Sci.",
year = "2014",
volume = "7",
issue = "6",
pages = "1990-1995",
publisher = "The Royal Society of Chemistry",
doi  ="10.1039/C4EE00407H",
}

@article{ding2013,
author = {Ding, F. and Xu, W. and Graff, Gordon L. and Zhang, Jian
                  and Sushko, Maria L. and Chen, Xilin and Shao, Yuyan
                  and Engelhard, Mark H. and Nie, Zimin and Xiao, Jie
                  and Liu, Xingjiang and Sushko, Peter V. and Liu, Jun
                  and Zhang, Ji-Guang},
title = {Dendrite-Free Lithium Deposition via Self-Healing
                  Electrostatic Shield Mechanism},
journal = {Journal of the American Chemical Society},
volume = {135},
number = {11},
pages = {4450-4456},
year = {2013},
doi = {10.1021/ja312241y},
}

@article{yu2014,
author = {Yu, H.-C. and Ling, C. and Bhattacharya, J. and Thomas,
                  J. C. and Thornton, K. and Van der Ven, A.},
title = "Designing the next generation high capacity battery electrodes",
journal = "Energy Environ. Sci.",
year = "2014",
volume = "7",
issue = "5",
pages = "1760-1768",
publisher = "The Royal Society of Chemistry",
doi = "10.1039/C3EE43154A",
url = "http://dx.doi.org/10.1039/C3EE43154A",
}

@article{vanderven2013,
author = {Van der Ven, Anton and Bhattacharya, Jishnu and Belak, Anna A.},
title = {Understanding Li Diffusion in Li-Intercalation Compounds},
journal = {Accounts of Chemical Research},
volume = {46},
number = {5},
pages = {1216-1225},
year = {2013},
doi = {10.1021/ar200329r},
URL = {http://dx.doi.org/10.1021/ar200329r}
}

@article{gambou2015,
author = {Gambou-Bosca, A. and Bélanger, D.},
title = {Chemical Mapping and Electrochemical Performance of Manganese
                  Dioxide/Activated Carbon Based Composite Electrode
                  for Asymmetric Electrochemical Capacitor},
volume = {162},
number = {5},
pages = {A5115-A5123},
year = {2015},
doi = {10.1149/2.0181505jes},
journal = {Journal of The Electrochemical Society}
}

@article{lee2015,
author = {Lee, S. and Oshima, Y. and Hosono, E. and Zhou,
                  H. and Kim, K. and Chang, H.M. and
                  Kanno, R. and Takayanagi, K.},
title = {Phase Transitions in a LiMn2O4 Nanowire Battery Observed by
                  Operando Electron Microscopy},
journal = {ACS Nano},
volume = {9},
number = {1},
pages = {626-632},
year = {2015},
doi = {10.1021/nn505952k},
}

@article{liang2011,
author = {Yongye Liang and Yanguang Li and Hailiang Wang and Jigang
                  Zhou and Jian Wang and Tom Regier and Hongjie Dai1},
title = {Co3O4 nanocrystals on graphene as a synergistic catalyst for
                  oxygen reduction reaction },
journal = {Nature Materials},
volume = {10},
pages = {780-786},
year = {2011},
doi = {10.1038/nmat3087},
}

@article{esswein2009,
author = {Esswein, Arthur J. and McMurdo, Meredith J. and Ross,
                  Phillip N. and Bell, Alexis T. and Tilley, T. Don},
title = {Size-Dependent Activity of Co3O4 Nanoparticle Anodes for
                  Alkaline Water Electrolysis},
journal = {The Journal of Physical Chemistry C},
volume = {113},
number = {33},
pages = {15068-15072},
year = {2009},
doi = {10.1021/jp904022e},
}

@article {chou2011,
author = {Chou, Nam Hawn and Ross, Philip N. and Bell, Alexis T. and
                  Tilley, T. Don},
title = {Comparison of Cobalt-based Nanoparticles as Electrocatalysts
                  for Water Oxidation},
journal = {ChemSusChem},
volume = {4},
number = {11},
doi = {10.1002/cssc.201100075},
pages = {1566-1569},
year = {2011},
}

@article{ohzuku1990,
author = {Ohzuku, Tsutomu and Kitagawa, Masaki and Hirai, Taketsugu},
title = {Electrochemistry of Manganese Dioxide in Lithium Nonaqueous
                  Cell},
volume = {137},
number = {3},
pages = {769-775},
year = {1990},
doi = {10.1149/1.2086552},
journal = {Journal of The Electrochemical Society}
}

@article{balke2010,
author = {Balke, N. and Jesse, S. and Morozovska, A. N. and Eliseev,
                  E. and Chung, D. W. and Kim, Y. and Adamczyk, L. and
                  Garcia, R. E. and Dudney, N. and Kalinin, S. V.},
title = {Nanoscale mapping of ion diffusion in a lithium-ion battery
                  cathode},
journal = {Nature Nanotechnology},
volume = {5},
issue = {10},
pages = {749-754},
year = {2010},
doi = {10.1038/nnano.2010.174},
}

@article{ohnishi2012,
author = {Ohnishi, M. and Matsuoka, O. and Nogi, H. and Sakamoto, T.},
title = {Observation of a \ce{LiCoO_2} Cathode Material of a Li-Ion Battery
                  by High Spatial Resolution TOF-SIMS},
journal = {e-Journal of Surface Science and Nanotechnology},
volume = {10},
pages = {207-209},
year = {2012},
doi = {10.1380/ejssnt.2012.207},
}

@article{zhu2013,
author = {Zhu, Jing and Lu, Li and Zeng, Kaiyang},
title = {Nanoscale Mapping of Lithium-Ion Diffusion in a Cathode
                  within an All-Solid-State Lithium-Ion Battery by
                  Advanced Scanning Probe Microscopy Techniques},
journal = {ACS Nano},
volume = {7},
number = {2},
pages = {1666-1675},
year = {2013},
doi = {10.1021/nn305648j},
}

@article{chueh2013,
author = {Chueh, William C. and El Gabaly, Farid and Sugar, Joshua
                  D. and Bartelt, Norman C. and McDaniel, Anthony
                  H. and Fenton, Kyle R. and Zavadil, Kevin R. and
                  Tyliszczak, Tolek and Lai, Wei and McCarty, Kevin
                  F.},
title = {Intercalation Pathway in Many-Particle LiFePO4 Electrode
                  Revealed by Nanoscale State-of-Charge Mapping},
journal = {Nano Letters},
volume = {13},
number = {3},
pages = {866-872},
year = {2013},
doi = {10.1021/nl3031899},
}

@article{cai2013,
title = "In-situ observation of inhomogeneous degradation in large
                  format Li-ion cells by neutron diffraction ",
journal = "Journal of Power Sources ",
volume = "236",
number = "0",
pages = "163 - 168",
year = "2013",
doi = "10.1016/j.jpowsour.2013.02.066",
author = "Lu Cai and Ke An and Zhili Feng and Chengdu Liang and
                  Stephen J. Harris",
}

@article {filso2013,
author = {Filsø, Mette Ø. and Turner, Michael J. and Gibbs, Gerald
                  V. and Adams, Stefan and Spackman, Mark A. and
                  Iversen, Bo B.},
title = {Visualizing Lithium-Ion Migration Pathways in Battery
                  Materials},
journal = {Chemistry – A European Journal},
volume = {19},
number = {46},
doi = {10.1002/chem.201301504},
pages = {15535-15544},
year = {2013},
}

@article{bowden2014,
title = "X-ray absorption measurements on nickel cathode of
                  sodium-beta alumina batteries: Fe–Ni–Cl chemical
                  associations ",
journal = "Journal of Power Sources ",
volume = "247",
number = "0",
pages = "517-526",
year = "2014",
doi = "10.1016/j.jpowsour.2013.08.046",
author = "Mark E. Bowden and Kyle J. Alvine and John L. Fulton and
                  John P. Lemmon and Xiaochuan Lu and Bobbie-Jo
                  Webb-Robertson and Steve M. Heald and Mahalingam
                  Balasubramanian and Devon. R. Mortensen and Gerald
                  T. Seidler and Nancy J. Hess",

}

@article{ulvestad2014,
   author = "Ulvestad, A. and Cho, H. M. and Harder, R. and Kim,
                  J. W. and Dietze, S. H. and Fohtung, E. and Meng,
                  Y. S. and Shpyrko, O. G.",
   title = "Nanoscale strain mapping in battery nanostructures",
   journal = "Applied Physics Letters",
   year = "2014",
   volume = "104",
   number = "7",
   doi = "10.1063/1.4866030"
}

@article{sin2014,
title = "Experimental and theoretical investigation of fluorine
                  substituted LiFe0.4Mn0.6PO4 as cathode material for
                  lithium rechargeable batteries ",
journal = "Solid State Ionics ",
volume = "260",
number = "0",
pages = "2-7",
year = "2014",
doi = "10.1016/j.ssi.2014.03.005",
author = "Byung Cheol Sin and Sang Uck Lee and Bong-Soo Jin and
                  Hyun-Soo Kim and Jik Soo Kim and Sang-Ick Lee and
                  Jaegeun Noh and Youngil Lee",
}


@article{wang2015,
title = "Improving the cycling stability of LiCoO2 at 4.5V through
                  co-modification by Mg doping and zirconium
                  oxyfluoride coating ",
journal = "Ceramics International ",
volume = "41",
number = "1, Part A",
pages = "469 - 474",
year = "2015",
doi = "10.1016/j.ceramint.2014.08.093",
author = "Zhiguo Wang and Zhixing Wang and Huajun Guo and Wenjie Peng
                  and Xinhai Li",
}

@article{lohstroh2004,
  author={A Lohstroh and P J Sellin and A Simon},
  title={High-resolution mapping of the mobility–lifetime product in
                  CdZnTe using a nuclear microprobe},
  journal={Journal of Physics: Condensed Matter},
  volume={16},
  number={2},
  pages={S67},
  year={2004},
}

@article{brunetti2011,
author = {Brunetti, G. and Robert, D. and Bayle-Guillemaud, P. and
                  Rouvière, J. L. and Rauch, E. F. and Martin,
                  J. F. and Colin, J. F. and Bertin, F. and Cayron,
                  C.},
title = {Confirmation of the Domino-Cascade Model by
                  \ce{LiFePO_4}/\ce{FePO_4} Precession Electron
                  Diffraction},
journal = {Chemistry of Materials},
volume = {23},
number = {20},
pages = {4515-4524},
year = {2011},
doi = {10.1021/cm201783z},
}

@article{striebel2004,
author = {Striebel, K. A. and Shim, J. and Cairns, E. J. and Kostecki,
                  R. and Lee, Y.-J. and Reimer, J. and Richardson,
                  T. J. and Ross, P. N. and Song, X. and Zhuang,
                  G. V.},
title = {Diagnostic Analysis of Electrodes from High-Power Lithium-Ion
                  Cells Cycled under Different Conditions},
volume = {151},
number = {6},
pages = {A857-A866},
year = {2004},
doi = {10.1149/1.1710514},
journal = {Journal of The Electrochemical Society}
}


@article{lu2009,
title = "Study of LiFePO4 cathode materials coated with high surface
                  area carbon ",
journal = "Journal of Power Sources",
volume = "189",
number = "1",
pages = "155 - 162",
year = "2009",
doi = "10.1016/j.jpowsour.2008.10.015",
author = "Cheng-Zhang Lu and George Ting-Kuo Fey and Hsien-Ming Kao",
}


@article {hintennach2011,
author = {Hintennach, Andreas and Novák, Petr},
title = {A novel combinative Raman and SEM mapping method for the
                  detection of exfoliation of graphite in electrodes
                  at very positive potentials},
journal = {Journal of Raman Spectroscopy},
volume = {42},
number = {9},
publisher = {John Wiley & Sons, Ltd.},
doi = {10.1002/jrs.2930},
pages = {1754-1760},
year = {2011},
}

@article {katayama2012,
author = {Katayama, M. and Sumiwaka, K. and Hayashi, K.
                  and Ozutsumi, K. and Ohta, T. and Inada,
                  Y.},
title = {Development of a two-dimensional imaging system of X-ray
                  absorption fine structure},
journal = {Journal of Synchrotron Radiation},
volume = {19},
number = {5},
publisher = {International Union of Crystallography},
doi = {10.1107/S0909049512028282},
pages = {717-721},
year = {2012},
}

@article {tanida2011,
author = {Tanida, H. and Yamashige, H. and Orikasa, Y. and
                  Oishi, M. and Takanashi, Y. and Fujimoto,
                  T. and Sato, K. and Takamatsu, D. and
                  Murayama, H. and Arai, H. and Matsubara,
                  E. and Uchimoto, Y. and Ogumi,
                  Z.},
title = {In situ two-dimensional imaging quick-scanning XAFS with
                  pixel array detector},
journal = {Journal of Synchrotron Radiation},
volume = {18},
number = {6},
publisher = {International Union of Crystallography},
doi = {10.1107/S0909049511031232},
pages = {919-922},
year = {2011},
}

@article {meirer2011,
author = {Meirer, F. and Cabana, J. and Liu, Y. and Mehta,
                  A. and Andrews, J.C. and Pianetta, P.},
title = {Three-dimensional Imaging of Chemical Phase Transformations
                  at the Nanoscale with Full-Field Transmission X-ray
                  Microscopy},
journal = {Journal of Synchrotron Radiation},
volume = {18},
number = {5},
publisher = {International Union of Crystallography},
doi = {10.1107/S0909049511019364},
pages = {773-781},
year = {2011},
}

@article{gyenes2015,
author = {Gyenes, Balazs and Stevens, D. A. and Chevrier, V. L. and
                  Dahn, J. R.},
title = {Understanding Anomalous Behavior in Coulombic Efficiency
                  Measurements on Li-Ion Batteries},
volume = {162},
number = {3},
pages = {A278-A283},
year = {2015},
doi = {10.1149/2.0191503jes},
journal = {Journal of The Electrochemical Society}
}


@article {nanda2011,
author = {Nanda, J. and Remillard, J. and O'Neill, A. and Bernardi,
                  D. and Ro, T. and Nietering, K.E. and Go, J.Y. and
                  Miller, T.J.},
title = {Local State-of-Charge Mapping of Lithium-Ion Battery
                  Electrodes},
journal = {Advanced Functional Materials},
volume = {21},
number = {17},
doi = {10.1002/adfm.201100157},
pages = {3282-3290},
year = {2011},
}


@article{robert2012,
author = {Robert, R. and Zeng, D. and Lanzirotti, A. and
                  Adamson, P. and Clarke, S.J. and Grey, C.P.},
title = {Scanning X-ray Fluorescence Imaging Study of Lithium
                  Insertion into Copper Based Oxysulfides for Li-Ion
                  Batteries},
journal = {Chemistry of Materials},
volume = {24},
number = {14},
pages = {2684-2691},
year = {2012},
doi = {10.1021/cm3005375},
}

@article{kostecki2006,
author = {Kostecki, R. and Lei, J. and McLarnon, F. and
                  Shim, J. and Striebel, K.A.},
title = {Diagnostic Evaluation of Detrimental Phenomena in High-Power
                  Lithium-Ion Batteries},
volume = {153},
number = {4},
pages = {A669-A672},
year = {2006},
doi = {10.1149/1.2170551},
journal = {Journal of The Electrochemical Society}
}

@article{tanida2013,
author = {Tanida, H. and Yamashige, H. and Orikasa, Y. and Fujimoto,
                  T. and Oishi, M. and Murayama, H. and Arai, H. and
                  Katayama, M. and Inada, Y. and Ohta, T. and Uchimoto
                  Y. and Ogumi, Z.},
title = {In situ two-dimensional micro-imaging XAFS with CCD detector},
pages = {430},
year = {2013},
doi = {10.1088/1742-6596/430/1/012021},
journal = {Journal of Physics: Conference Series}
}


@article{nakamura2014,
title = "Evaluation of the effective reaction zone in a composite
                  cathode for lithium ion batteries ",
journal = "Solid State Ionics ",
volume = "262",
number = "0",
pages = "66-69",
year = "2014",
doi = "10.1016/j.ssi.2013.10.013",
author = "T. Nakamura and T. Watanabe and K. Amezawa and H. Tanida and
                  K. Ohara and Y. Uchimoto and Z. Ogumi",
}

@article{ouvrard2013,
title = "Heterogeneous behaviour of the lithium battery composite
                  electrode \ce{LiFePO_4}",
journal = "Journal of Power Sources",
volume = "229",
number = "0",
pages = "16-21",
year = "2013",
note = "",
doi = "10.1016/j.jpowsour.2012.11.057",
author = {Ouvrard, G. and Zerrouki, M. and P. Soudan and B.  Lestriez
                  and C. Masquelier and M.  Morcrette and S. Hamelet
                  and S.  Belin and A.M. Flank and F. Baudelet},
}

@article{liu2014,
author = {Liu, Hao and Strobridge, Fiona C. and Borkiewicz, Olaf
                  J. and Wiaderek, Kamila M. and Chapman, Karena
                  W. and Chupas, Peter J. and Grey, Clare P.},
title = {Capturing metastable structures during high-rate cycling of
                  LiFePO4 nanoparticle electrodes},
volume = {344},
number = {6191},
year = {2014},
doi = {10.1126/science.1252817},
journal = {Science}
}

@article{liu2010,
   author = {Liu, J. and Kunz, M. and Chen, K. and Tamura,
                  N. and Richardson, T.J.},
   title = {Visualization of Charge Distribution in a Lithium Battery Electrode},
   journal = {The Journal of Physical Chemistry Letters},
   volume = {1},
   number = {14},
   pages = {2120-2123},
   year = {2010},
   doi = {10.1021/jz100634n},
}

@article{weaver2009,
author = {Weaver, Lindell K.},
title = {Carbon Monoxide Poisoning},
journal = {New England Journal of Medicine},
volume = {360},
number = {12},
pages = {1217-1225},
year = {2009},
doi = {10.1056/NEJMcp0808891},
}

@article{ernst1998,
   author = {Ernst, Armin and Zibrak, Joseph D.},
   title = {Carbon Monoxide Poisoning},
   journal = {New England Journal of Medicine},
   volume = {339},
   number = {22},
   pages = {1603-1608},
   year = {1998},
   doi = {10.1056/NEJM199811263392206},
}

@inbook {kleinman2008,
   title = {Carbon Monoxide},
   author = {Kleinman, Michael T.},
   publisher = {John Wiley & Sons, Inc.},
   isbn = {9780470442890},
   doi = {10.1002/9780470442890.ch14},
   pages = {499-528},
   booktitle = {Environmental Toxicants},
   year = {2008},
}

@article{norman2008,
   author = {Norman, Anthony W.},
   title = {From vitamin D to hormone D: fundamentals of the vitamin D
                  endocrine system essential for good health},
   journal = {American Journal of Clinical Nutrition},
   volume = {88},
   number = {2},
   pages = {491-499},
   year = {2008},
}

@article{terushkin2010,
   title = "Estimated equivalency of vitamin D production from natural
                  sun exposure versus oral vitamin D supplementation
                  across seasons at two \{US\} latitudes ",
   journal = "Journal of the American Academy of Dermatology ",
   volume = "62",
   number = "6",
   pages = "929.e1-929.e9",
   year = "2010",
   doi = "10.1016/j.jaad.2009.07.028",
   author = "Vitaly Terushkin and Anna Bender and Estee L. Psaty and
                  Ola Engelsen and Steven Q. Wang and Allan
                  C. Halpern",
}

@article{dowdy2010,
   title = "Holick's rule and vitamin D from sunlight ",
   journal = "The Journal of Steroid Biochemistry and Molecular
                  Biology ",
   volume = "121",
   number = "1–2",
   pages = "328 - 330",
   year = "2010",
   doi = "10.1016/j.jsbmb.2010.04.002",
   author = "John C. Dowdy and Robert M. Sayre and Michael F. Holick",
}

@article {garay2014,
   author = {Garay, Pablo G. and Martin, Osvaldo A. and Scheraga, Harold
                     A. and Vila, Jorge A.},
   title = {Factors affecting the computation of the 13C shielding in
                     disaccharides},
   journal = {Journal of Computational Chemistry},
   doi = {10.1002/jcc.23697},
   year = {2014},
}

@article {kim2013,
   author = {Kim, Chunjoong and Buonsanti, Raffaella and Yaylian, Riley
                     and Milliron, Delia J. and Cabana, Jordi},
   title = {Carbon-Free TiO2 Battery Electrodes Enabled by Morphological
                     Control at the Nanoscale},
   journal = {Advanced Energy Materials},
   volume = {3},
   number = {10},
   publisher = {WILEY-VCH Verlag},
   doi = {10.1002/aenm.201300264},
   pages = {1286-1291},
   year = {2013}
}

@article{jayarathne2014,
   author = {Jayarathne, Upul and Parmelee, Sean R. and Mankad, Neal P.},
   title = {Small Molecule Activation Chemistry of Cu–Fe
                  Heterobimetallic Complexes Toward CS2 and N2O},
   journal = {Inorganic Chemistry},
   volume = {53},
   number = {14},
   pages = {7730-7737},
   year = {2014},
   doi = {10.1021/ic501054z},
}

@article{cabana2010,
   title = "High rate performance of lithium manganese nitride and
                  oxynitride as negative electrodes in lithium
                  batteries",
   journal = "Electrochemistry Communications",
   volume = "12",
   number = "2",
   pages = "315 - 318",
   year = "2010",
   doi = "10.1016/j.elecom.2009.12.027",
   author = "Jordi Cabana and Costana M. Ionica-Bousquet and Clare
                  P. Grey and M. Rosa Palacín",
}

@article{boesenberg2013,
   author = {Boesenberg, U. and Meirer, F. and Liu, Y. and Shukla,
                  A.K. and Dell'Anna, R. and Tyliszczak, T. and Chen,
                  G. and Andrews, J.C. and Richardson, T.J. and
                  Kostecki, R. and Cabana, J.},
   title = {Mesoscale Phase Distribution in Single Particles of
                  \ce{LiFePO_4} following Lithium Deintercalation},
   journal = {Chemistry of Materials},
   volume = {25},
   number = {9},
   pages = {1664-1672},
   year = {2013},
   doi = {10.1021/cm400106k},
}

@Article{wen2014-2,
author={Wen, Yang and He, Kai and Zhu, Yujie and Han, Fudong and Xu,
                  Yunhua and Matsuda, Isamu and Ishii, Yoshitaka and
                  Cumings, John and Wang, Chunsheng},
title={Expanded graphite as superior anode for sodium-ion batteries},
journal={Nature Communications},
year={2014},
month={Jun},
day={04},
volume={5},
pages={4033},
doi={10.1038/ncomms5033}
}

@article{armand2008,
   author = {M. Armand, J.M. Tarascon},
   title = {Building Better Batteries},
   journal = {Nature},
   year = {2008}
}

@article{winter2004,
   Author="Winter, M. and Brodd, R. J.",
   Title="What are batteries, fuel cells, and supercapacitors?",
   Journal="Chem. Rev.",
   Year="2004",
   Volume="104",
   Number="10",
   Pages="4245--4269",
}

@article{palacin2009,
   author ="Palacin, M. Rosa",
   title  ="Recent Advances in Rechargeable Battery Materials: A
                  Chemist's Perspective",
   journal  ="Chem. Soc. Rev.",
   year  ="2009",
   volume  ="38",
   issue  ="9",
   pages  ="2565-2575",
   doi  ="10.1039/B820555H",
}

@article{whittingham2004,
   author = {Whittingham, M. Stanley},
   title = {Lithium Batteries and Cathode Materials},
   journal = {Chemical Reviews},
   volume = {104},
   number = {10},
   pages = {4271-4302},
   year = {2004},
   doi = {10.1021/cr020731c},
}

@article{whittingham2014,
   author = {Whittingham, M. Stanley},
   title = {Ultimate Limits to Intercalation Reactions for Lithium
                  Batteries},
   journal = {Chemical Reviews},
   volume = {114},
   number = {23},
   pages = {11414-11443},
   year = {2014},
   doi = {10.1021/cr5003003},
}